timestamp,mid_price,bid_price_1,bid_size_1,bid_price_2,bid_size_2,bid_price_3,bid_size_3,bid_price_4,bid_size_4,bid_price_5,bid_size_5,ask_price_1,ask_size_1,ask_price_2,ask_size_2,ask_price_3,ask_size_3,ask_price_4,ask_size_4,ask_price_5,ask_size_5,spread,total_bid_volume,total_ask_volume,volume_imbalance,market_buy_pressure,market_sell_pressure
2024-01-15 09:30:00,160.0,159.99,500,159.98,236,159.97,742,159.96,384,159.95,345,160.01,834,160.02,546,160.03,368,160.04,277,160.05,267,0.0109,2207,2292,-85,0.33560584821544653,0.190402433662887
2024-01-15 09:30:10,160.0794742644818,160.07,813,160.06,630,160.05,305,160.04,433,160.03,316,160.09,887,160.1,391,160.11,347,160.12,552,160.13,416,0.0124,2497,2593,-96,2.6503850949599554,0.8136504219047422
2024-01-15 09:30:20,160.05734098784077,160.05,613,160.04,981,160.03,316,160.02,285,160.01,196,160.06,1150,160.07,156,160.08,368,160.09,325,160.1,151,0.0104,2391,2150,241,0.8704530682924436,0.1676647527706798
2024-01-15 09:30:30,160.16100829303747,160.16,1490,160.15,444,160.14,474,160.13,246,160.12,267,160.17,1653,160.18,461,160.19,703,160.2,215,160.21,422,0.0099,2921,3454,-533,0.6378566440452718,0.5307578135053778
2024-01-15 09:30:40,160.40493829050018,160.4,2056,160.39,670,160.38,484,160.37,483,160.36,714,160.41,941,160.42,651,160.43,344,160.44,508,160.45,276,0.0091,4407,2720,1687,1.6851032825640087,1.094213639015969
2024-01-15 09:30:50,160.3673789328772,160.36,852,160.35,951,160.34,393,160.33,690,160.32,264,160.37,108,160.38,371,160.39,181,160.4,317,160.41,327,0.0101,3150,1556,1594,0.26424253099706524,2.2983398495505836
2024-01-15 09:31:00,160.32983100277994,160.33,2312,160.32,961,160.31,486,160.3,243,160.29,374,160.33,1086,160.34,818,160.35,299,160.36,310,160.37,418,0.0093,4376,2931,1445,0.7624138580490282,2.2433033305364454
2024-01-15 09:31:10,160.58302592660766,160.58,1865,160.57,489,160.56,303,160.55,573,160.54,211,160.59,1036,160.6,484,160.61,588,160.62,447,160.63,544,0.0117,3441,3099,342,0.11724388509877734,1.8737439572116876
2024-01-15 09:31:20,160.70626291761621,160.7,774,160.69,1171,160.68,371,160.67,306,160.66,245,160.71,1619,160.72,1001,160.73,926,160.74,627,160.75,143,0.0078,2867,4316,-1449,0.4241831937932634,0.20040127451653184
2024-01-15 09:31:30,160.63081544351706,160.62,1150,160.61,252,160.6,979,160.59,525,160.58,315,160.64,1150,160.65,350,160.66,1574,160.67,404,160.68,342,0.0125,3221,3820,-599,1.1928707405259582,2.5574693578456262
2024-01-15 09:31:40,160.71796730574536,160.68,1437,160.7,697,160.69,262,160.68,193,160.67,832,160.77,1096,160.73,647,160.74,443,160.75,559,160.76,1153,0.0112,3421,3898,-477,0.5091648434090136,0.056318149243293786
2024-01-15 09:31:50,160.64348775614303,160.64,1299,160.63,371,160.62,202,160.61,571,160.6,336,160.65,524,160.66,322,160.67,391,160.68,872,160.69,284,0.009,2779,2393,386,0.15181992193138705,0.19405450320809675
2024-01-15 09:32:00,160.56867130417768,160.56,471,160.55,920,160.54,428,160.53,650,160.52,128,160.57,601,160.58,797,160.59,310,160.6,349,160.61,324,0.01,2597,2381,216,0.9048193240889457,0.06943205082825417
2024-01-15 09:32:10,160.60752286462878,160.6,1082,160.59,679,160.58,431,160.57,284,160.56,246,160.61,983,160.62,469,160.63,324,160.64,399,160.65,285,0.0115,2722,2460,262,0.7431576545925969,0.5811814717875803
2024-01-15 09:32:20,160.30023566398845,160.3,2121,160.29,341,160.28,513,160.27,438,160.26,285,160.3,927,160.31,801,160.32,702,160.33,195,160.34,270,0.0094,3698,2895,803,0.16978360329951062,1.2586832598530455
2024-01-15 09:32:30,160.02373092893558,160.02,965,160.01,883,160.0,263,159.99,291,159.98,413,160.03,542,160.04,879,160.05,410,160.06,314,160.07,462,0.011,2815,2607,208,1.7732509999755643,0.5061424894750884
2024-01-15 09:32:40,159.93375158065163,159.93,1248,159.92,443,159.91,290,159.9,164,159.89,783,159.94,537,159.95,409,159.96,894,159.97,157,159.98,473,0.011,2928,2470,458,0.5266360392798112,0.8030673665148444
2024-01-15 09:32:50,159.77176569985892,159.77,493,159.76,684,159.75,441,159.74,288,159.73,395,159.78,981,159.79,1068,159.8,490,159.81,408,159.82,270,0.0096,2301,3217,-916,0.3129005477764867,0.7800877556797963
2024-01-15 09:33:00,159.82197355105413,159.82,971,159.81,450,159.8,376,159.79,198,159.78,340,159.83,442,159.84,811,159.85,1263,159.86,542,159.87,256,0.0108,2335,3314,-979,0.011056729631697196,0.14720807068739053
2024-01-15 09:33:10,159.67685135127246,159.67,1301,159.66,699,159.65,757,159.64,871,159.63,538,159.68,398,159.69,324,159.7,339,159.71,383,159.72,419,0.0124,4166,1863,2303,0.0864282756718436,0.9242022189851156
2024-01-15 09:33:20,159.4513391430915,159.45,695,159.44,287,159.43,310,159.42,741,159.41,208,159.46,1332,159.47,256,159.48,1312,159.49,325,159.5,339,0.0085,2241,3564,-1323,0.2419956132440473,0.031679678824257845
2024-01-15 09:33:30,159.68503880200947,159.68,1093,159.67,461,159.66,492,159.65,1362,159.64,308,159.69,1776,159.7,433,159.71,455,159.72,918,159.73,236,0.0086,3716,3818,-102,0.2828962537585316,1.7098236985711959
2024-01-15 09:33:40,159.6489857047057,159.64,2474,159.63,357,159.62,737,159.61,156,159.6,574,159.65,517,159.66,549,159.67,789,159.68,402,159.69,487,0.0118,4298,2744,1554,1.0752377151704027,1.1785538361415322
2024-01-15 09:33:50,159.6597665140906,159.65,1362,159.64,594,159.63,201,159.62,469,159.61,359,159.67,1145,159.68,325,159.69,269,159.7,641,159.71,317,0.0121,2985,2697,288,1.9808107067353582,1.8614272732990789
2024-01-15 09:34:00,159.43229155133838,159.43,1406,159.42,304,159.41,595,159.4,225,159.39,614,159.44,877,159.45,658,159.46,569,159.47,144,159.48,234,0.0089,3144,2482,662,0.9832090864021626,2.17136165872427
2024-01-15 09:34:10,159.34549936608636,159.34,1685,159.33,641,159.32,789,159.31,292,159.3,655,159.35,3156,159.36,513,159.37,370,159.38,783,159.39,714,0.0107,4062,5536,-1474,0.2728291200595943,0.11706666958066148
2024-01-15 09:34:20,159.36317438153466,159.36,769,159.35,372,159.34,274,159.33,144,159.32,177,159.37,585,159.38,865,159.39,426,159.4,250,159.41,1028,0.0091,1736,3154,-1418,0.18276238925679855,4.729444686092813
2024-01-15 09:34:30,159.17974839134388,159.18,717,159.17,668,159.16,592,159.15,437,159.14,1106,159.18,726,159.19,472,159.2,339,159.21,287,159.22,235,0.0084,3520,2059,1461,0.05958300833276848,3.4770842165267744
2024-01-15 09:34:40,159.23955190737527,159.23,1812,159.22,153,159.21,257,159.2,564,159.19,547,159.25,1187,159.26,509,159.27,325,159.28,266,159.29,1053,0.0123,3690,3340,350,0.8677058455294674,0.09594590297101374
2024-01-15 09:34:50,159.14390647153436,159.14,1598,159.13,453,159.12,381,159.11,437,159.1,383,159.15,1389,159.16,1681,159.17,424,159.18,254,159.19,162,0.0123,3252,3910,-658,1.2852555799970684,0.6849324839176536
2024-01-15 09:35:00,159.09748518869893,159.09,693,159.08,871,159.07,272,159.06,100,159.05,209,159.1,1827,159.11,730,159.12,898,159.13,215,159.14,142,0.0075,2145,3812,-1667,2.1089114354403584,1.5966501337527326
2024-01-15 09:35:10,159.00175517987182,159.0,1260,158.99,927,158.98,597,158.97,645,158.96,581,159.01,1995,159.02,851,159.03,426,159.04,407,159.05,592,0.011,4010,4271,-261,0.17525843472956318,1.7035674221585724
2024-01-15 09:35:20,159.29627066229014,159.29,664,159.28,549,159.27,464,159.26,570,159.25,153,159.3,1012,159.31,643,159.32,675,159.33,192,159.34,684,0.012,2400,3206,-806,0.11314701729582906,1.4314084807364829
2024-01-15 09:35:30,159.2941206047251,159.29,1112,159.28,586,159.27,532,159.26,513,159.25,355,159.3,799,159.31,678,159.32,792,159.33,226,159.34,346,0.0102,3098,2841,257,0.4244691315113612,0.9699961904748348
2024-01-15 09:35:40,159.12563347244307,159.12,704,159.11,739,159.1,356,159.09,354,159.08,117,159.13,1442,159.14,1056,159.15,197,159.16,309,159.17,175,0.0073,2270,3179,-909,1.5838167006373083,1.1831322380365739
2024-01-15 09:35:50,159.25652145264104,159.25,914,159.24,695,159.23,349,159.22,199,159.21,501,159.26,1384,159.27,585,159.28,1166,159.29,221,159.3,151,0.0083,2658,3507,-849,4.133770529131774,0.5265045758454232
2024-01-15 09:36:00,159.0620941397091,159.06,707,159.05,431,159.04,331,159.03,393,159.02,289,159.07,1608,159.08,518,159.09,596,159.1,373,159.11,370,0.0124,2151,3465,-1314,1.4987773046742976,1.4736920438900363
2024-01-15 09:36:10,159.0953164205201,159.09,891,159.08,848,159.07,900,159.06,418,159.05,462,159.1,956,159.11,1264,159.12,330,159.13,932,159.14,317,0.0121,3519,3799,-280,0.06636305079345967,0.8722054323249506
2024-01-15 09:36:20,158.78354208208162,158.78,489,158.77,448,158.76,762,158.75,329,158.74,320,158.79,917,158.8,436,158.81,1595,158.82,295,158.83,540,0.0086,2348,3783,-1435,1.9669875044031022,1.5134506386975708
2024-01-15 09:36:30,158.57264799669352,158.57,578,158.56,379,158.55,452,158.54,378,158.53,181,158.58,2120,158.59,954,158.6,414,158.61,384,158.62,359,0.0072,1968,4231,-2263,0.09196891710405072,0.4317478910836826
2024-01-15 09:36:40,158.60386480415318,158.6,360,158.59,562,158.58,321,158.57,417,158.56,190,158.61,1639,158.62,840,158.63,362,158.64,303,158.65,372,0.0072,1850,3516,-1666,1.2257949395115995,0.03209574673603211
2024-01-15 09:36:50,158.72098845776915,158.71,670,158.7,634,158.69,335,158.68,537,158.67,394,158.73,1564,158.74,845,158.75,783,158.76,289,158.77,626,0.0126,2570,4107,-1537,0.6020609719350464,1.0316390017200887
2024-01-15 09:37:00,158.74818820074992,158.74,1103,158.73,511,158.72,513,158.71,226,158.7,248,158.75,1362,158.76,1082,158.77,2041,158.78,361,158.79,203,0.0102,2601,5049,-2448,5.6086312320477045,3.680639977890095
2024-01-15 09:37:10,158.72982924545227,158.72,1457,158.71,836,158.7,277,158.69,333,158.68,140,158.74,1220,158.75,850,158.76,363,158.77,832,158.78,175,0.0109,3043,3440,-397,4.394063891516504,0.04093574204392867
2024-01-15 09:37:20,158.68203510726622,158.68,480,158.67,281,158.66,1260,158.65,359,158.64,789,158.69,441,158.7,462,158.71,691,158.72,414,158.73,423,0.0122,3169,2431,738,0.9984780002255434,1.3209300151268555
2024-01-15 09:37:30,158.44742022888386,158.44,534,158.43,788,158.42,527,158.41,287,158.4,231,158.45,987,158.46,1106,158.47,608,158.48,314,158.49,476,0.0078,2367,3491,-1124,0.44508995917780786,0.8988213426850785
2024-01-15 09:37:40,158.333362771097,158.33,240,158.32,742,158.31,443,158.3,567,158.29,173,158.34,1739,158.35,432,158.36,212,158.37,330,158.38,113,0.008,2165,2826,-661,1.7654098841221575,0.5636771906855924
2024-01-15 09:37:50,158.26042828546818,158.26,1135,158.25,1303,158.24,708,158.23,318,158.22,272,158.26,851,158.27,1738,158.28,560,158.29,469,158.3,542,0.0085,3736,4160,-424,0.23047185037057355,0.11869302139028458
2024-01-15 09:38:00,158.42772890173967,158.42,1126,158.41,630,158.4,328,158.39,354,158.38,193,158.43,909,158.44,770,158.45,345,158.46,380,158.47,347,0.0086,2631,2751,-120,2.0243345669765107,0.6064922690920095
2024-01-15 09:38:10,158.4821675669651,158.48,1253,158.47,1748,158.46,432,158.45,659,158.44,192,158.49,1358,158.5,363,158.51,339,158.52,986,158.53,294,0.0101,4284,3340,944,1.1796898763803538,1.8208708615976457
2024-01-15 09:38:20,158.20275714163563,158.2,1114,158.19,606,158.18,1261,158.17,613,158.16,378,158.21,798,158.22,636,158.23,511,158.24,474,158.25,189,0.0127,3972,2608,1364,1.0755369936680887,0.5006515648958588
2024-01-15 09:38:30,158.2540281191393,158.25,1396,158.24,716,158.23,317,158.22,366,158.21,382,158.26,1174,158.27,760,158.28,1038,158.29,475,158.3,286,0.0109,3177,3733,-556,0.39605922479100647,1.101396317172307
2024-01-15 09:38:40,158.1930872971061,158.19,1619,158.18,882,158.17,636,158.16,722,158.15,284,158.2,1062,158.21,368,158.22,244,158.23,166,158.24,208,0.0118,4143,2048,2095,0.5954645855639285,0.2712106487319779
2024-01-15 09:38:50,158.08600291601837,158.08,2173,158.07,1399,158.06,767,158.05,268,158.04,999,158.09,1633,158.1,523,158.11,132,158.12,1191,158.13,161,0.0092,5606,3640,1966,0.8679110548652706,0.7627171043528689
2024-01-15 09:39:00,158.18270037559972,158.18,439,158.17,864,158.16,617,158.15,333,158.14,394,158.19,909,158.2,811,158.21,455,158.22,235,158.23,209,0.0106,2647,2619,28,0.3671437871612786,1.6246830199654234
2024-01-15 09:39:10,158.34578666415408,158.34,611,158.33,974,158.32,211,158.31,231,158.3,518,158.35,611,158.36,550,158.37,610,158.38,233,158.39,341,0.0102,2545,2345,200,1.2345909994396855,0.11303088352047043
2024-01-15 09:39:20,158.49325094722022,158.49,513,158.48,1238,158.47,446,158.46,283,158.45,334,158.5,1266,158.51,659,158.52,847,158.53,459,158.54,281,0.0104,2814,3512,-698,0.23831409418015576,0.9441270647095303
2024-01-15 09:39:30,158.36024063371278,158.36,1222,158.35,330,158.34,327,158.33,264,158.32,507,158.36,862,158.37,1148,158.38,330,158.39,435,158.4,213,0.0095,2650,2988,-338,0.8833601040666048,0.18393991492315792
2024-01-15 09:39:40,158.31127368746607,158.31,2922,158.3,515,158.29,581,158.28,698,158.27,729,158.32,463,158.33,703,158.34,961,158.35,163,158.36,379,0.0114,5445,2669,2776,0.14669161261532732,1.1879175624204636
2024-01-15 09:39:50,158.36371642321765,158.36,998,158.35,1424,158.34,351,158.33,503,158.32,731,158.37,827,158.38,555,158.39,346,158.4,228,158.41,234,0.0094,4007,2190,1817,0.07195136073162983,0.7320123220255348
2024-01-15 09:40:00,158.51820737508731,158.51,542,158.5,451,158.49,658,158.48,634,158.47,342,158.52,1260,158.53,1774,158.54,257,158.55,204,158.56,458,0.0074,2627,3953,-1326,1.3117455241928113,0.6258729279824089
2024-01-15 09:40:10,158.44224953388377,158.44,2646,158.43,813,158.42,481,158.41,496,158.4,204,158.45,1088,158.46,303,158.47,438,158.48,241,158.49,224,0.0074,4640,2294,2346,1.0933612728760884,1.5869426429163502
2024-01-15 09:40:20,158.412833307975,158.41,1855,158.4,471,158.39,229,158.38,393,158.37,478,158.42,1038,158.43,1136,158.44,318,158.45,424,158.46,248,0.0126,3426,3164,262,1.7490887349353392,1.5233890670186652
2024-01-15 09:40:30,158.237575650155,158.23,1198,158.22,415,158.21,238,158.2,151,158.19,417,158.24,575,158.25,209,158.26,562,158.27,1317,158.28,323,0.0113,2419,2986,-567,4.848263265360235,1.9066651133282804
2024-01-15 09:40:40,158.04829081398384,158.04,1520,158.03,494,158.02,830,158.01,503,158.0,437,158.05,776,158.06,546,158.07,255,158.08,317,158.09,193,0.0083,3784,2087,1697,3.713590302127083,1.0243551145361243
2024-01-15 09:40:50,158.17670913145548,158.17,1928,158.16,607,158.15,697,158.14,759,158.13,428,158.18,1005,158.19,319,158.2,272,158.21,325,158.22,238,0.0119,4419,2159,2260,0.026150879968812647,0.1452180323285636
2024-01-15 09:41:00,158.39123471596716,158.38,910,158.37,793,158.36,476,158.35,153,158.34,234,158.4,235,158.41,712,158.42,533,158.43,254,158.44,424,0.0128,2566,2158,408,1.0503968393246197,0.16490395155444643
2024-01-15 09:41:10,158.379828943898,158.38,526,158.37,553,158.36,976,158.35,408,158.34,273,158.38,735,158.39,529,158.4,381,158.41,412,158.42,351,0.0074,2736,2408,328,1.6818487766767154,0.9550820766198737
2024-01-15 09:41:20,158.5387683126057,158.53,1001,158.52,790,158.51,1455,158.5,224,158.49,291,158.54,937,158.55,1009,158.56,359,158.57,210,158.58,592,0.0088,3761,3107,654,1.3228103228592782,1.4666583261701918
2024-01-15 09:41:30,158.59610164259422,158.59,853,158.58,461,158.57,126,158.56,288,158.55,394,158.6,477,158.61,674,158.62,459,158.63,506,158.64,344,0.0071,2122,2460,-338,0.6058276310869285,1.8601908873998092
2024-01-15 09:41:40,158.49378816442123,158.49,614,158.48,339,158.47,454,158.46,679,158.45,210,158.5,316,158.51,492,158.52,299,158.53,121,158.54,373,0.0076,2296,1601,695,3.1085580630222998,1.5460096304556976
2024-01-15 09:41:50,158.55106712296424,158.55,1109,158.54,454,158.53,1154,158.52,531,158.51,253,158.56,2940,158.57,454,158.58,671,158.59,440,158.6,621,0.0089,3501,5126,-1625,0.0689772007819054,0.7306580419892181
2024-01-15 09:42:00,158.79492446185156,158.79,2183,158.78,643,158.77,1096,158.76,337,158.75,339,158.8,1125,158.81,490,158.82,310,158.83,725,158.84,198,0.0079,4598,2848,1750,1.4901161997316503,1.0828490176285033
2024-01-15 09:42:10,158.78923546867733,158.79,514,158.78,1113,158.77,663,158.76,623,158.75,222,158.79,491,158.8,1304,158.81,394,158.82,334,158.83,629,0.0081,3135,3152,-17,1.032555633563709,0.7556656276864724
2024-01-15 09:42:20,159.03768403856495,159.03,1320,159.02,1274,159.01,1139,159.0,550,158.99,436,159.04,652,159.05,736,159.06,612,159.07,341,159.08,240,0.0073,4719,2581,2138,0.565769226718731,0.578756540923333
2024-01-15 09:42:30,158.62104584443915,158.62,526,158.61,551,158.6,403,158.59,441,158.58,487,158.63,1537,158.64,459,158.65,426,158.66,436,158.67,286,0.0107,2408,3144,-736,1.8451510870734518,1.3037588019347568
2024-01-15 09:42:40,158.75141687926532,158.75,2233,158.74,366,158.73,595,158.72,446,158.71,329,158.76,953,158.77,589,158.78,695,158.79,505,158.8,329,0.0117,3969,3071,898,1.8369850704778037,1.3197636186471764
2024-01-15 09:42:50,158.76523572468332,158.76,474,158.75,694,158.74,1702,158.73,502,158.72,134,158.77,1457,158.78,744,158.79,883,158.8,530,158.81,302,0.0103,3506,3916,-410,0.009375432164456157,0.2832636673578669
2024-01-15 09:43:00,158.71776375220318,158.71,542,158.7,1172,158.69,375,158.68,431,158.67,160,158.72,1433,158.73,1268,158.74,358,158.75,217,158.76,372,0.0114,2680,3648,-968,0.005243335834244976,1.4312530668276238
2024-01-15 09:43:10,158.73232781745506,158.73,2069,158.72,415,158.71,640,158.7,356,158.69,399,158.74,641,158.75,494,158.76,665,158.77,314,158.78,768,0.0072,3879,2882,997,2.173275679463014,0.8990510286786167
2024-01-15 09:43:20,158.41683637694285,158.41,818,158.4,1426,158.39,318,158.38,679,158.37,243,158.42,1094,158.43,405,158.44,1402,158.45,326,158.46,345,0.0093,3484,3572,-88,0.8243603206028806,0.822481893100684
2024-01-15 09:43:30,158.3820366514307,158.38,708,158.37,1027,158.36,623,158.35,559,158.34,246,158.39,664,158.4,614,158.41,425,158.42,302,158.43,459,0.0106,3163,2464,699,1.5540739964735977,0.7282958332151881
2024-01-15 09:43:40,158.43859686782056,158.43,1612,158.42,496,158.41,297,158.4,248,158.39,302,158.44,1271,158.45,311,158.46,509,158.47,505,158.48,822,0.0096,2955,3418,-463,1.5401526347430927,0.12594446448603402
2024-01-15 09:43:50,158.67275232658872,158.67,583,158.66,511,158.65,798,158.64,972,158.63,701,158.68,783,158.69,351,158.7,497,158.71,156,158.72,380,0.0095,3565,2167,1398,0.3001552182005943,0.5615170164185904
2024-01-15 09:44:00,158.59051696460634,158.58,928,158.57,511,158.56,566,158.55,344,158.54,649,158.6,573,158.61,599,158.62,513,158.63,313,158.64,100,0.0122,2998,2098,900,1.307513601315038,1.4503546989673852
2024-01-15 09:44:10,158.46229754616093,158.46,922,158.45,373,158.44,538,158.43,555,158.42,598,158.47,951,158.48,555,158.49,298,158.5,250,158.51,289,0.008,2986,2343,643,0.3173851756541948,1.424612253597161
2024-01-15 09:44:20,158.38278797222455,158.38,1201,158.37,473,158.36,460,158.35,398,158.34,184,158.39,414,158.4,368,158.41,524,158.42,395,158.43,460,0.0097,2716,2161,555,0.05367283829582405,0.5426488522972961
2024-01-15 09:44:30,158.5277719117419,158.52,1049,158.51,915,158.5,247,158.49,438,158.48,164,158.53,1262,158.54,604,158.55,206,158.56,678,158.57,224,0.0086,2813,2974,-161,1.9012354942631104,0.8237634851167945
2024-01-15 09:44:40,158.57988809266976,158.57,666,158.56,531,158.55,500,158.54,458,158.53,801,158.58,959,158.59,406,158.6,246,158.61,368,158.62,259,0.0101,2956,2238,718,0.5306296717568441,1.0526073343140585
2024-01-15 09:44:50,158.49587877884045,158.49,2731,158.48,622,158.47,322,158.46,345,158.45,644,158.5,723,158.51,412,158.52,364,158.53,235,158.54,344,0.0103,4664,2078,2586,0.22926383478708842,2.1023424012654877
2024-01-15 09:45:00,158.5772295517003,158.57,2253,158.56,514,158.55,598,158.54,444,158.53,318,158.58,969,158.59,426,158.6,483,158.61,588,158.62,199,0.0123,4127,2665,1462,1.0693839431309624,1.7265514506301995
2024-01-15 09:45:10,158.59262384052758,158.59,997,158.58,651,158.57,225,158.56,600,158.55,232,158.6,2551,158.61,1056,158.62,370,158.63,718,158.64,335,0.0093,2705,5030,-2325,0.17192161158931837,1.190395784496388
2024-01-15 09:45:20,158.74624379114618,158.74,1531,158.73,933,158.72,374,158.71,331,158.7,412,158.75,760,158.76,475,158.77,537,158.78,554,158.79,293,0.0118,3581,2619,962,0.9552863355479618,0.08715402533365735
2024-01-15 09:45:30,158.6347954995512,158.63,559,158.62,623,158.61,939,158.6,364,158.59,406,158.64,587,158.65,762,158.66,422,158.67,620,158.68,586,0.0123,2891,2977,-86,1.270659844747094,2.209623605735428
2024-01-15 09:45:40,158.5828168819327,158.58,3650,158.57,411,158.56,624,158.55,433,158.54,377,158.59,2469,158.6,733,158.61,398,158.62,142,158.63,298,0.0075,5495,4040,1455,0.44285279618655626,0.6816385540848643
2024-01-15 09:45:50,158.52063526648664,158.51,1921,158.5,373,158.49,360,158.48,576,158.47,426,158.53,887,158.54,512,158.55,381,158.56,238,158.57,726,0.012,3656,2744,912,1.0531063255355015,0.970030615348931
2024-01-15 09:46:00,158.28863794718674,158.28,851,158.27,584,158.26,855,158.25,386,158.24,346,158.29,1204,158.3,414,158.31,842,158.32,216,158.33,265,0.0091,3022,2941,81,1.8142574121128319,0.3274991393787473
2024-01-15 09:46:10,158.33551042251185,158.33,1299,158.32,655,158.31,1221,158.3,229,158.29,230,158.34,1292,158.35,673,158.36,552,158.37,483,158.38,445,0.0109,3634,3445,189,0.3014928132972702,2.3772550921950906
2024-01-15 09:46:20,158.37684474228092,158.37,1741,158.36,379,158.35,499,158.34,161,158.33,103,158.38,1072,158.39,1067,158.4,525,158.41,367,158.42,295,0.011,2883,3326,-443,0.04293325830688141,1.3467049496631458
2024-01-15 09:46:30,158.3776545954097,158.37,624,158.36,877,158.35,372,158.34,489,158.33,284,158.38,1446,158.39,837,158.4,290,158.41,652,158.42,247,0.0125,2646,3472,-826,2.0616317974144165,0.11943734248109422
2024-01-15 09:46:40,158.34050123542747,158.33,1497,158.32,390,158.31,485,158.3,147,158.29,279,158.35,447,158.36,908,158.37,783,158.38,246,158.39,401,0.0112,2798,2785,13,0.8994866400763402,2.228428890443056
2024-01-15 09:46:50,158.11639072269725,158.11,1567,158.1,584,158.09,425,158.08,392,158.07,579,158.12,628,158.13,693,158.14,754,158.15,486,158.16,356,0.0081,3547,2917,630,0.7286631763115787,0.5628690420945743
2024-01-15 09:47:00,158.0498798024872,158.05,1649,158.04,1286,158.03,388,158.02,590,158.01,363,158.05,2865,158.06,352,158.07,853,158.08,908,158.09,195,0.0089,4276,5173,-897,0.7181855969024139,0.11006579347833083
2024-01-15 09:47:10,157.99571381434356,157.99,1479,157.98,1822,157.97,424,157.96,403,157.95,427,158.0,1022,158.01,1436,158.02,101,158.03,417,158.04,223,0.0093,4555,3437,1118,0.6395938165672087,0.046723484002341206
2024-01-15 09:47:20,157.86895744451587,157.87,516,157.86,551,157.85,164,157.84,475,157.83,174,157.87,639,157.88,440,157.89,418,157.9,380,157.91,557,0.0078,1880,2434,-554,0.8487457425913127,0.7188091009880626
2024-01-15 09:47:30,157.84349543736445,157.84,749,157.83,568,157.82,648,157.81,421,157.8,222,157.85,852,157.86,413,157.87,793,157.88,382,157.89,838,0.0088,2608,3278,-670,4.93601574197811,0.14097516591598155
2024-01-15 09:47:40,157.90727223693852,157.9,970,157.89,309,157.88,183,157.87,574,157.86,296,157.91,1471,157.92,1323,157.93,734,157.94,288,157.95,348,0.0086,2332,4164,-1832,1.1602427654447605,0.12158886145681301
2024-01-15 09:47:50,158.20511470753044,158.2,735,158.19,209,158.18,323,158.17,340,158.16,197,158.21,936,158.22,639,158.23,414,158.24,273,158.25,352,0.0093,1804,2614,-810,1.1352865116996829,0.4492915972898056
2024-01-15 09:48:00,158.2327338104349,158.23,1247,158.22,682,158.21,677,158.2,458,158.19,445,158.24,1029,158.25,424,158.26,198,158.27,274,158.28,1236,0.0106,3509,3161,348,0.04472446625591256,0.13125204388468148
2024-01-15 09:48:10,158.2734867128529,158.27,784,158.26,1159,158.25,300,158.24,615,158.23,401,158.28,723,158.29,1495,158.3,255,158.31,599,158.32,534,0.0104,3259,3606,-347,0.5913481289156752,1.6013722302693465
2024-01-15 09:48:20,158.26170389819305,158.26,715,158.25,247,158.24,327,158.23,151,158.22,582,158.27,2209,158.28,908,158.29,282,158.3,795,158.31,285,0.0119,2022,4479,-2457,0.15384389498610052,2.2081574405370668
2024-01-15 09:48:30,157.95803589626902,157.95,544,157.94,1185,157.93,931,157.92,286,157.91,291,157.96,430,157.97,411,157.98,750,157.99,849,158.0,174,0.0091,3237,2614,623,4.42585030936453,0.6051392724652938
2024-01-15 09:48:40,157.95384781657907,157.95,743,157.94,60,157.93,26,157.92,379,157.91,255,157.96,950,157.97,75,157.98,26,157.99,316,158.0,131,0.0111,2239,2419,-180,2.3034172693215433,0.12345542349786531
2024-01-15 09:48:50,157.96336140999406,157.96,837,157.95,872,157.94,392,157.93,681,157.92,389,157.97,947,157.98,770,157.99,211,158.0,215,158.01,178,0.0127,3171,2321,850,0.8067896422915674,0.7802417880895127
2024-01-15 09:49:00,158.35246341404888,158.35,1074,158.34,551,158.33,856,158.32,222,158.31,209,158.36,532,158.37,399,158.38,477,158.39,485,158.4,524,0.0116,2912,2417,495,0.14988925750214477,0.587065673442903
2024-01-15 09:49:10,158.32200258141108,158.32,401,158.31,173,158.3,401,158.29,657,158.28,862,158.33,540,158.34,789,158.35,367,158.36,359,158.37,1215,0.0108,2494,3270,-776,0.2584466054589457,3.3250379718997767
2024-01-15 09:49:20,158.36974416052243,158.36,471,158.35,703,158.34,1122,158.33,316,158.32,372,158.38,716,158.39,952,158.4,435,158.41,210,158.42,321,0.0125,2984,2634,350,1.9917788752652126,0.8885090469242499
2024-01-15 09:49:30,158.36424686643485,158.36,1215,158.35,391,158.34,334,158.33,281,158.32,644,158.37,343,158.38,2955,158.39,785,158.4,423,158.41,315,0.0093,2865,4821,-1956,1.7574677418973532,1.4461623965025863
2024-01-15 09:49:40,158.17917004917788,158.17,1153,158.16,1102,158.15,418,158.14,354,158.13,535,158.18,3211,158.19,677,158.2,1233,158.21,335,158.22,521,0.0104,3562,5977,-2415,0.14437295559530933,0.35581187130977404
2024-01-15 09:49:50,158.35994081349114,158.36,1734,158.35,449,158.34,713,158.33,610,158.32,418,158.36,1436,158.37,796,158.38,336,158.39,470,158.4,483,0.0092,3924,3521,403,1.074526247331881,1.4529297256924132
2024-01-15 09:50:00,158.47901688404312,158.47,1458,158.46,419,158.45,515,158.44,251,158.43,320,158.49,440,158.5,272,158.51,421,158.52,288,158.53,341,0.0121,2963,1762,1201,2.9505299850619986,0.07506463373245577
2024-01-15 09:50:10,158.60437884933438,158.6,934,158.59,238,158.58,515,158.57,379,158.56,215,158.61,1390,158.62,983,158.63,207,158.64,258,158.65,220,0.0127,2281,3058,-777,1.627005031156716,2.648292594543428
2024-01-15 09:50:20,158.4601460169333,158.46,625,158.45,535,158.44,636,158.43,175,158.42,303,158.46,1040,158.47,622,158.48,202,158.49,691,158.5,211,0.0094,2274,2766,-492,2.1951584356663063,0.6993341822032346
2024-01-15 09:50:30,158.68243300827595,158.68,1182,158.67,1514,158.66,861,158.65,420,158.64,253,158.69,1497,158.7,378,158.71,588,158.72,487,158.73,550,0.0097,4230,3500,730,0.1541726349642509,1.4931945076374282
2024-01-15 09:50:40,158.45998387091683,158.46,3974,158.45,246,158.44,457,158.43,448,158.42,201,158.46,731,158.47,620,158.48,747,158.49,226,158.5,211,0.0086,5326,2535,2791,0.10746538274379351,0.446652667564808
2024-01-15 09:50:50,158.55297723653496,158.55,1755,158.54,485,158.53,717,158.52,432,158.51,357,158.56,1530,158.57,574,158.58,563,158.59,359,158.6,370,0.0086,3746,3396,350,0.6808511682311532,0.4904493137625131
2024-01-15 09:51:00,158.90028049751166,158.89,747,158.88,799,158.87,308,158.86,417,158.85,335,158.91,589,158.92,1045,158.93,513,158.94,328,158.95,260,0.0108,2606,2735,-129,0.4463659587077571,3.1419105125441145
2024-01-15 09:51:10,158.74288399760542,158.74,1072,158.73,299,158.72,147,158.71,287,158.7,176,158.75,775,158.76,571,158.77,369,158.78,783,158.79,381,0.01,1981,2879,-898,0.23824964435406248,1.0710559234713095
2024-01-15 09:51:20,158.65298826280699,158.65,1162,158.64,537,158.63,556,158.62,615,158.61,722,158.66,690,158.67,499,158.68,876,158.69,568,158.7,554,0.0098,3592,3187,405,0.5027432205813674,1.2489941708327505
2024-01-15 09:51:30,158.66879824966261,158.66,504,158.65,522,158.64,626,158.63,288,158.62,298,158.67,1020,158.68,372,158.69,671,158.7,293,158.71,289,0.0082,2238,2645,-407,0.678977219233992,0.5180008832397219
2024-01-15 09:51:40,158.58891237267605,158.58,608,158.57,592,158.56,466,158.55,495,158.54,317,158.59,2742,158.6,685,158.61,784,158.62,263,158.63,344,0.0102,2478,4818,-2340,3.7302775845358447,0.1341604072843749
2024-01-15 09:51:50,158.3429943456872,158.34,2167,158.33,861,158.32,623,158.31,317,158.3,243,158.35,1052,158.36,1335,158.37,249,158.38,181,158.39,351,0.0071,4211,3168,1043,1.8777149986246913,0.0238777834155165
2024-01-15 09:52:00,158.35385081241924,158.35,1025,158.34,860,158.33,650,158.32,121,158.31,202,158.36,820,158.37,562,158.38,319,158.39,254,158.4,747,0.0124,2858,2702,156,0.6420925886156549,0.05958489006248408
2024-01-15 09:52:10,158.18563092861837,158.18,947,158.17,622,158.16,520,158.15,201,158.14,238,158.19,828,158.2,525,158.21,879,158.22,500,158.23,185,0.0127,2528,2917,-389,1.6666633458146543,1.010476988217397
2024-01-15 09:52:20,158.2605464460614,158.26,1131,158.25,342,158.24,708,158.23,521,158.22,287,158.27,876,158.28,245,158.29,546,158.3,516,158.31,188,0.0093,2989,2371,618,3.168518343315222,0.7542988546284627
2024-01-15 09:52:30,158.11503786433582,158.11,277,158.1,1693,158.09,465,158.08,344,158.07,271,158.12,913,158.13,1222,158.14,153,158.15,815,158.16,159,0.0085,3698,3262,436,0.051271219536126844,1.8556560463874308
2024-01-15 09:52:40,158.3601058014724,158.35,875,158.34,770,158.33,557,158.32,388,158.31,382,158.37,809,158.38,274,158.39,323,158.4,409,158.41,351,0.0129,2972,2166,806,0.2108539411153337,1.573082436156245
2024-01-15 09:52:50,158.23606972722868,158.23,1020,158.22,761,158.21,467,158.2,274,158.19,413,158.24,2464,158.25,559,158.26,664,158.27,198,158.28,200,0.0124,2935,4085,-1150,0.8326053877086579,1.476774632041396
2024-01-15 09:53:00,158.1851079786939,158.18,1266,158.17,838,158.16,417,158.15,518,158.14,171,158.19,706,158.2,357,158.21,586,158.22,541,158.23,300,0.01,3210,2490,720,0.029603659802252137,0.6556397546358057
2024-01-15 09:53:10,158.31379428756605,158.31,646,158.3,514,158.29,335,158.28,549,158.27,296,158.32,722,158.33,1191,158.34,942,158.35,280,158.36,127,0.011,2340,3262,-922,1.5490443095770987,0.2890181422787728
2024-01-15 09:53:20,158.11893148737823,158.11,1654,158.1,1226,158.09,248,158.08,265,158.07,240,158.12,466,158.13,625,158.14,515,158.15,344,158.16,150,0.0104,3633,2100,1533,0.8677121011941032,0.7271143589950866
2024-01-15 09:53:30,158.15489720919402,158.15,2695,158.14,392,158.13,238,158.12,344,158.11,513,158.16,938,158.17,1310,158.18,224,158.19,376,158.2,173,0.0116,4182,3021,1161,0.40281566957291837,1.931229845290355
2024-01-15 09:53:40,158.3616282371353,158.36,1199,158.35,619,158.34,660,158.33,713,158.32,269,158.37,787,158.38,993,158.39,778,158.4,548,158.41,201,0.0082,3460,3307,153,2.086531282741948,0.7745623605709238
2024-01-15 09:53:50,158.1070645747463,158.1,1235,158.09,478,158.08,444,158.07,450,158.06,254,158.11,713,158.12,626,158.13,269,158.14,220,158.15,455,0.0087,2861,2283,578,1.354393941280624,1.8866772280370347
2024-01-15 09:54:00,158.13625649213995,158.13,563,158.12,361,158.11,254,158.1,583,158.09,433,158.14,794,158.15,348,158.16,961,158.17,160,158.18,240,0.0095,2194,2503,-309,0.7863528863524105,1.2355351233568277
2024-01-15 09:54:10,158.17735338434912,158.17,1121,158.16,758,158.15,934,158.14,524,158.13,152,158.18,1692,158.19,373,158.2,382,158.21,429,158.22,879,0.008,3489,3755,-266,0.46089447618725676,2.7019418337671754
2024-01-15 09:54:20,158.3010200570222,158.3,4734,158.29,1057,158.28,762,158.27,569,158.26,312,158.31,1722,158.32,977,158.33,375,158.34,531,158.35,247,0.012,7434,3852,3582,0.4236422441660145,0.40888663627022787
2024-01-15 09:54:30,158.10520949772996,158.1,1309,158.09,766,158.08,684,158.07,476,158.06,748,158.11,997,158.12,859,158.13,268,158.14,312,158.15,458,0.0129,3983,2894,1089,0.48508484284908426,0.025516200954391076
2024-01-15 09:54:40,157.89643842828562,157.89,1528,157.88,597,157.87,581,157.86,558,157.85,196,157.9,1101,157.91,1190,157.92,1150,157.93,386,157.94,287,0.012,3460,4114,-654,1.6094553214040426,0.8045415873998298
2024-01-15 09:54:50,157.97885114256422,157.97,1143,157.96,484,157.95,301,157.94,535,157.93,266,157.98,1698,157.99,838,158.0,652,158.01,191,158.02,594,0.0094,2729,3973,-1244,2.3653871012100742,0.012231269408971249
2024-01-15 09:55:00,158.02576844004855,158.02,1139,158.01,637,158.0,336,157.99,229,157.98,186,158.03,1868,158.04,288,158.05,852,158.06,245,158.07,230,0.011,2527,3483,-956,1.5313656485833336,0.3365338929517138
2024-01-15 09:55:10,158.0653527652132,158.06,927,158.05,352,158.04,859,158.03,350,158.02,246,158.07,1083,158.08,791,158.09,810,158.1,781,158.11,270,0.0096,2734,3735,-1001,1.390060638098674,0.10688712205436364
2024-01-15 09:55:20,158.1201142236622,158.12,515,158.11,477,158.1,201,158.09,195,158.08,336,158.12,2131,158.13,452,158.14,336,158.15,887,158.16,186,0.0087,1724,3992,-2268,0.30690058827003935,0.2298320428713375
2024-01-15 09:55:30,158.0125886370113,158.01,435,158.0,388,157.99,280,157.98,420,157.97,335,158.02,697,158.03,672,158.04,352,158.05,330,158.06,748,0.0099,1858,2799,-941,1.0455592808231318,0.31115819666956596
2024-01-15 09:55:40,158.04928764492024,158.05,1954,158.04,1116,158.03,769,158.02,172,158.01,515,158.05,1387,158.06,285,158.07,416,158.08,435,158.09,744,0.0071,4526,3267,1259,1.1397839863491777,0.5245049115039434
2024-01-15 09:55:50,158.09560754055343,158.09,1436,158.08,286,158.07,599,158.06,504,158.05,314,158.1,1754,158.11,520,158.12,614,158.13,227,158.14,320,0.0071,3139,3435,-296,0.09719999573860999,1.379852552895761
2024-01-15 09:56:00,157.9826717191231,157.98,916,157.97,275,157.96,372,157.95,876,157.94,253,157.99,1007,158.0,589,158.01,1015,158.02,722,158.03,485,0.0125,2692,3818,-1126,0.095840955605836,0.2222318875893984
2024-01-15 09:56:10,158.2774317612192,158.27,614,158.26,415,158.25,328,158.24,239,158.23,213,158.28,966,158.29,430,158.3,651,158.31,797,158.32,242,0.0123,1809,3086,-1277,3.025999956634014,1.8231995731582893
2024-01-15 09:56:20,158.35242881902502,158.35,1127,158.34,305,158.33,513,158.32,769,158.31,455,158.36,1080,158.37,1448,158.38,422,158.39,277,158.4,350,0.0118,3169,3577,-408,0.7729091380348863,0.31314144858586385
2024-01-15 09:56:30,158.1637830167824,158.16,1467,158.15,716,158.14,664,158.13,337,158.12,670,158.17,512,158.18,870,158.19,342,158.2,895,158.21,877,0.0092,3854,3496,358,2.7532665471097384,0.06614658309229908
2024-01-15 09:56:40,158.26762601927723,158.26,681,158.25,484,158.24,190,158.23,268,158.22,324,158.27,1486,158.28,610,158.29,525,158.3,313,158.31,777,0.0119,1947,3711,-1764,0.3014248709145652,0.17374912039518328
2024-01-15 09:56:50,158.11336546520585,158.11,601,158.1,913,158.09,549,158.08,504,158.07,525,158.12,847,158.13,453,158.14,269,158.15,250,158.16,1416,0.008,3092,3235,-143,0.44143323791725775,0.4366294487848321
2024-01-15 09:57:00,158.2378140608094,158.23,1863,158.22,440,158.21,766,158.2,213,158.19,163,158.24,1424,158.25,618,158.26,789,158.27,129,158.28,160,0.012,3445,3120,325,1.9576967369558531,1.1299196381880567
2024-01-15 09:57:10,158.42114769261204,158.42,1007,158.41,759,158.4,627,158.39,1059,158.38,184,158.43,1267,158.44,387,158.45,611,158.46,239,158.47,263,0.012,3636,2767,869,0.1806643189430485,0.001994122159710626
2024-01-15 09:57:20,158.29113425784772,158.29,862,158.28,651,158.27,1108,158.26,329,158.25,400,158.3,677,158.31,533,158.32,488,158.33,176,158.34,159,0.0113,3350,2033,1317,0.059465712787681535,0.4959909850233758
2024-01-15 09:57:30,158.44362815806272,158.44,1349,158.43,1025,158.42,1316,158.41,171,158.4,126,158.45,2548,158.46,747,158.47,300,158.48,495,158.49,100,0.0084,3987,4190,-203,2.0442826532666185,0.99809456772371
2024-01-15 09:57:40,158.509030665761,158.5,1001,158.49,698,158.48,293,158.47,320,158.46,218,158.51,1242,158.52,411,158.53,365,158.54,199,158.55,303,0.0102,2530,2520,10,0.708880429494969,0.5434722066342405
2024-01-15 09:57:50,158.63933462487066,158.64,1092,158.63,2282,158.62,265,158.61,787,158.6,533,158.64,1150,158.65,1483,158.66,558,158.67,460,158.68,315,0.0071,4959,3966,993,0.4059077998369884,1.5680954258319293
2024-01-15 09:58:00,158.94024060156,158.94,1843,158.93,727,158.92,399,158.91,362,158.9,540,158.95,911,158.96,434,158.97,403,158.98,606,158.99,415,0.0097,3871,2769,1102,0.06888365735912734,1.0450279419847497
2024-01-15 09:58:10,158.90123855536174,158.9,1022,158.89,1121,158.88,362,158.87,148,158.86,441,158.9,727,158.91,339,158.92,339,158.93,345,158.94,239,0.0074,3094,1989,1105,1.282791477852921,1.069236468375308
2024-01-15 09:58:20,158.78146894530138,158.78,331,158.77,554,158.76,1331,158.75,433,158.74,690,158.79,2010,158.8,757,158.81,674,158.82,517,158.83,182,0.0113,3339,4140,-801,1.1121762852941026,0.9688316069352844
2024-01-15 09:58:30,158.6402305375174,158.63,1029,158.62,493,158.61,364,158.6,439,158.59,408,158.65,1103,158.66,719,158.67,1084,158.68,647,158.69,356,0.0115,2733,3909,-1176,1.000736287931406,0.17016777335054287
2024-01-15 09:58:40,158.5108102058356,158.51,1601,158.5,375,158.49,739,158.48,276,158.47,195,158.52,684,158.53,436,158.54,709,158.55,350,158.56,163,0.0098,3186,2342,844,0.0800953508884464,1.1912413448538466
2024-01-15 09:58:50,158.49858875140814,158.49,1015,158.48,794,158.47,775,158.46,272,158.45,496,158.5,579,158.51,960,158.52,505,158.53,499,158.54,180,0.0093,3352,2723,629,0.21186561829269568,1.1862670107574804
2024-01-15 09:59:00,158.55266085796632,158.55,639,158.54,287,158.53,631,158.52,638,158.51,424,158.56,1428,158.57,899,158.58,288,158.59,776,158.6,257,0.0083,2619,3648,-1029,0.30053289067824746,0.03425651522757978
2024-01-15 09:59:10,158.59653092043501,158.59,967,158.58,733,158.57,211,158.56,397,158.55,284,158.6,1404,158.61,529,158.62,393,158.63,546,158.64,383,0.0123,2592,3255,-663,0.2863612599209348,0.8596797985106654
2024-01-15 09:59:20,158.72771931416762,158.72,1171,158.71,1100,158.7,308,158.69,455,158.68,379,158.73,952,158.74,478,158.75,850,158.76,281,158.77,130,0.0074,3413,2691,722,1.0623054479496665,0.26398921839175493
2024-01-15 09:59:30,158.72978307481216,158.73,1377,158.72,840,158.71,900,158.7,459,158.69,559,158.73,2735,158.74,1027,158.75,524,158.76,638,158.77,348,0.0071,4135,5272,-1137,1.4135840281196996,0.5839229883345892
2024-01-15 09:59:40,158.96050222357118,158.95,1012,158.94,312,158.93,351,158.92,538,158.91,350,158.97,901,158.98,814,158.99,222,159.0,406,159.01,567,0.0112,2563,2910,-347,1.255617603584788,0.8993309136890182
2024-01-15 09:59:50,158.91843224044277,158.91,1316,158.9,1635,158.89,359,158.88,223,158.87,679,158.92,2667,158.93,616,158.94,768,158.95,741,158.96,223,0.0073,4212,5015,-803,1.0104374874923896,0.914547542460641
2024-01-15 10:00:00,159.35071725982598,159.35,784,159.34,504,159.33,1151,159.32,610,159.31,410,159.35,1298,159.36,1197,159.37,707,159.38,486,159.39,198,0.0081,3459,3886,-427,0.5139759138744405,0.16687078846063783
2024-01-15 10:00:10,159.45041780045838,159.45,4622,159.44,746,159.43,418,159.42,911,159.41,711,159.46,792,159.47,570,159.48,446,159.49,302,159.5,357,0.0104,7408,2467,4941,2.12840496823145,2.1448535451518143
2024-01-15 10:00:20,159.31374366996698,159.31,684,159.3,762,159.29,390,159.28,348,159.27,360,159.32,639,159.33,1012,159.34,535,159.35,393,159.36,588,0.011,2544,3167,-623,0.06442553402568435,0.40838795057103405
2024-01-15 10:00:30,159.1431357770328,159.14,941,159.13,555,159.12,319,159.11,346,159.1,149,159.15,782,159.16,533,159.17,407,159.18,335,159.19,314,0.0074,2310,2371,-61,0.32624063278218757,1.6009401073184701
2024-01-15 10:00:40,159.2199179501205,159.22,1270,159.21,370,159.2,316,159.19,313,159.18,242,159.22,1983,159.23,348,159.24,383,159.25,447,159.26,503,0.009,2511,3664,-1153,0.16833026635169876,0.08636086383903963
2024-01-15 10:00:50,159.18433822377602,159.18,826,159.17,819,159.16,189,159.15,316,159.14,376,159.19,1096,159.2,2366,159.21,552,159.22,229,159.23,309,0.0099,2526,4552,-2026,0.08585458191010802,0.6154161715059916
2024-01-15 10:01:00,159.29799591991952,159.29,411,159.28,340,159.27,145,159.26,496,159.25,736,159.3,1758,159.31,865,159.32,376,159.33,566,159.34,597,0.0088,2128,4162,-2034,4.551736625285726,2.2029145338737806
2024-01-15 10:01:10,159.37338172510798,159.37,1070,159.36,600,159.35,229,159.34,369,159.33,759,159.38,1865,159.39,596,159.4,745,159.41,315,159.42,138,0.0092,3027,3659,-632,0.6051178257517129,1.4373643485470058
2024-01-15 10:01:20,159.3617747350105,159.36,629,159.35,701,159.34,247,159.33,317,159.32,1240,159.37,539,159.38,856,159.39,162,159.4,583,159.41,207,0.0078,3134,2347,787,0.8460126592375629,0.20489894517069904
2024-01-15 10:01:30,159.22682818526465,159.22,1222,159.21,454,159.2,353,159.19,288,159.18,491,159.23,575,159.24,687,159.25,852,159.26,293,159.27,226,0.0087,2808,2633,175,0.8137000983889578,1.8651101532481331
2024-01-15 10:01:40,158.98562386649266,158.98,891,158.97,798,158.96,284,158.95,269,158.94,231,158.99,834,159.0,805,159.01,537,159.02,457,159.03,637,0.0118,2473,3270,-797,0.16493191773662982,0.6130864938250955
2024-01-15 10:01:50,158.91463440827258,158.91,1411,158.9,606,158.89,294,158.88,237,158.87,232,158.92,1157,158.93,560,158.94,151,158.95,131,158.96,239,0.0091,2780,2238,542,0.6679968270904791,0.5620929783514891
2024-01-15 10:02:00,159.05072870958017,159.05,1257,159.04,1105,159.03,386,159.02,280,159.01,186,159.06,3336,159.07,687,159.08,468,159.09,590,159.1,234,0.0106,3214,5315,-2101,0.03553552656471498,0.8010887173364689
2024-01-15 10:02:10,159.08478047559623,159.08,1000,159.07,533,159.06,535,159.05,370,159.04,262,159.09,752,159.1,725,159.11,217,159.12,551,159.13,263,0.0096,2700,2508,192,1.6166930485158284,0.49773431824375536
2024-01-15 10:02:20,158.8866023954549,158.88,568,158.87,724,158.86,370,158.85,552,158.84,185,158.89,1449,158.9,651,158.91,336,158.92,348,158.93,697,0.0115,2399,3481,-1082,0.267128877244031,0.4232479072665227
2024-01-15 10:02:30,158.9141185243631,158.91,1071,158.9,644,158.89,525,158.88,357,158.87,360,158.92,2201,158.93,1007,158.94,214,158.95,301,158.96,207,0.0072,2957,4431,-1474,0.33075109256868385,3.3066234850124303
2024-01-15 10:02:40,158.9753508961148,158.97,1612,158.96,1010,158.95,778,158.94,219,158.93,170,158.98,947,158.99,412,159.0,307,159.01,202,159.02,256,0.0071,3789,2124,1665,2.639885542104075,0.06380115113017133
2024-01-15 10:02:50,158.8348393500526,158.83,561,158.82,723,158.81,261,158.8,395,158.79,100,158.84,910,158.85,272,158.86,847,158.87,558,158.88,409,0.0076,2040,2996,-956,2.347161783758407,1.7005002871341646
2024-01-15 10:03:00,158.8592562525595,158.85,2139,158.84,845,158.83,265,158.82,161,158.81,149,158.87,873,158.88,828,158.89,266,158.9,601,158.91,252,0.0115,3559,2820,739,0.4187139185772695,0.5620445696539887
2024-01-15 10:03:10,158.86850324627926,158.86,781,158.85,734,158.84,348,158.83,152,158.82,370,158.87,384,158.88,594,158.89,233,158.9,1023,158.91,511,0.012,2385,2745,-360,0.4215299899195753,1.3205070221648265
2024-01-15 10:03:20,158.68692126580797,158.68,1054,158.67,1599,158.66,694,158.65,340,158.64,498,158.69,1262,158.7,792,158.71,506,158.72,240,158.73,193,0.011,4185,2993,1192,3.940845772237502,0.24168423171619907
2024-01-15 10:03:30,158.74369744048946,158.74,952,158.73,1313,158.72,626,158.71,392,158.7,291,158.75,621,158.76,639,158.77,527,158.78,203,158.79,383,0.0074,3574,2373,1201,1.7078240804053528,4.108476337871201
2024-01-15 10:03:40,158.83271844967257,158.83,925,158.82,595,158.81,580,158.8,305,158.79,301,158.84,1066,158.85,529,158.86,216,158.87,337,158.88,159,0.0086,2706,2307,399,0.8618777254207312,0.4450515334189824
2024-01-15 10:03:50,159.0047424228464,159.0,1386,158.99,587,158.98,899,158.97,199,158.96,161,159.01,746,159.02,1034,159.03,216,159.04,100,159.05,258,0.0119,3232,2354,878,0.47963590893067326,1.6523753663662522
2024-01-15 10:04:00,159.17230194669486,159.17,1317,159.16,414,159.15,151,159.14,465,159.13,295,159.18,1182,159.19,1637,159.2,457,159.21,293,159.22,182,0.0119,2642,3751,-1109,1.0683050389153042,3.545676737763038
2024-01-15 10:04:10,158.95301514207569,158.95,855,158.94,518,158.93,504,158.92,234,158.91,292,158.96,1356,158.97,665,158.98,345,158.99,423,159.0,463,0.0104,2403,3252,-849,0.5161862263788675,1.7936252716063068
2024-01-15 10:04:20,158.80394502430545,158.77,358,158.79,281,158.78,923,158.77,300,158.76,280,158.86,585,158.82,251,158.83,826,158.84,721,158.85,298,0.0119,2142,2681,-539,0.20062264543779218,0.17056616928390106
2024-01-15 10:04:30,158.88573465656484,158.85,711,158.87,587,158.86,355,158.85,177,158.84,380,158.94,2404,158.9,621,158.91,518,158.92,535,158.93,171,0.012,2210,4249,-2039,1.3959321853156543,0.7577796119222651
2024-01-15 10:04:40,158.96736791483175,158.96,2342,158.95,1388,158.94,360,158.93,326,158.92,371,158.97,1078,158.98,1152,158.99,412,159.0,678,159.01,467,0.0111,4787,3787,1000,0.28924231239120246,1.8592612583419812
2024-01-15 10:04:50,159.04924368987446,159.04,898,159.03,232,159.02,497,159.01,152,159.0,473,159.05,953,159.06,759,159.07,300,159.08,718,159.09,545,0.0099,2252,3275,-1023,2.9328747524851977,0.5111794794483153
2024-01-15 10:05:00,159.66201771960326,159.66,1338,159.65,638,159.64,391,159.63,719,159.62,558,159.67,1248,159.68,346,159.69,324,159.7,226,159.71,105,0.0117,3644,2249,1395,0.1746219958079338,0.1874584107710882
2024-01-15 10:05:10,159.7531672504375,159.75,1878,159.74,747,159.73,525,159.72,343,159.71,222,159.76,1689,159.77,1408,159.78,363,159.79,279,159.8,414,0.0095,3715,4153,-438,2.6099774492099153,0.5440849382835793
2024-01-15 10:05:20,159.93457745807714,159.93,836,159.92,641,159.91,357,159.9,316,159.89,311,159.94,912,159.95,625,159.96,330,159.97,626,159.98,340,0.0073,2461,2833,-372,0.5069737425165611,3.6420116453299833
2024-01-15 10:05:30,160.0871553270157,160.08,777,160.07,990,160.06,278,160.05,480,160.04,283,160.09,1527,160.1,212,160.11,441,160.12,280,160.13,402,0.0103,2808,2862,-54,0.254013357069355,0.2562855695393642
2024-01-15 10:05:40,160.19143469944214,160.19,1264,160.18,228,160.17,341,160.16,531,160.15,220,160.2,994,160.21,443,160.22,176,160.23,270,160.24,453,0.0119,2584,2336,248,0.17598252106831833,0.8486224532681885
2024-01-15 10:05:50,160.14093126682658,160.14,305,160.13,454,160.12,582,160.11,301,160.1,229,160.15,561,160.16,256,160.17,381,160.18,410,160.19,308,0.0118,1871,1916,-45,1.1945628575330811,0.2149712147065439
2024-01-15 10:06:00,160.26247330459924,160.26,812,160.25,799,160.24,393,160.23,324,160.22,439,160.27,790,160.28,301,160.29,678,160.3,213,160.31,419,0.0108,2767,2401,366,1.7392644465265998,0.5058250843418695
2024-01-15 10:06:10,160.13861842428528,160.13,1626,160.12,416,160.11,901,160.1,208,160.09,506,160.14,1562,160.15,1536,160.16,377,160.17,541,160.18,1014,0.0079,3657,5030,-1373,0.5296525362049009,0.557718882855961
2024-01-15 10:06:20,160.10069461978478,160.1,734,160.09,1091,160.08,514,160.07,602,160.06,425,160.11,2085,160.12,713,160.13,645,160.14,263,160.15,434,0.009,3366,4140,-774,0.10852394977398257,0.13462364191664372
2024-01-15 10:06:30,160.0229875786342,160.02,820,160.01,965,160.0,580,159.99,684,159.98,179,160.03,2301,160.04,1318,160.05,669,160.06,923,160.07,141,0.0129,3228,5352,-2124,1.4635267886230008,0.2565354440990672
2024-01-15 10:06:40,160.03608932302424,160.03,769,160.02,838,160.01,239,160.0,252,159.99,462,160.04,1709,160.05,724,160.06,401,160.07,131,160.08,291,0.0112,2560,3256,-696,0.6261185135472468,0.013776881677615843
2024-01-15 10:06:50,160.40651822815272,160.4,1305,160.39,360,160.38,1205,160.37,199,160.36,356,160.41,1654,160.42,328,160.43,508,160.44,605,160.45,326,0.0075,3425,3421,4,0.07191938444906126,0.09417536086475614
2024-01-15 10:07:00,160.10699672000047,160.1,4196,160.09,842,160.08,411,160.07,222,160.06,281,160.11,607,160.12,1033,160.13,1199,160.14,428,160.15,342,0.0106,5952,3609,2343,1.1281267916175997,1.1382886346791263
2024-01-15 10:07:10,160.21687177804984,160.21,1079,160.2,396,160.19,324,160.18,685,160.17,664,160.22,887,160.23,629,160.24,294,160.25,681,160.26,452,0.0127,3148,2943,205,0.4196617940023343,0.1445360273752324
2024-01-15 10:07:20,159.958487486101,159.95,2639,159.94,420,159.93,535,159.92,816,159.91,233,159.96,827,159.97,706,159.98,242,159.99,259,160.0,328,0.0076,4643,2362,2281,1.904821132251279,3.161353569773724
2024-01-15 10:07:30,159.88299797865284,159.88,860,159.87,400,159.86,470,159.85,129,159.84,502,159.89,458,159.9,1305,159.91,392,159.92,340,159.93,236,0.0104,2361,2731,-370,0.1946738745078903,4.36900447855589
2024-01-15 10:07:40,160.05710266474662,160.05,865,160.04,1050,160.03,485,160.02,286,160.01,538,160.06,664,160.07,272,160.08,847,160.09,670,160.1,218,0.0097,3224,2671,553,1.0007497048351262,0.13733962008519934
2024-01-15 10:07:50,160.06739113836227,160.06,819,160.05,1067,160.04,787,160.03,494,160.02,388,160.07,2412,160.08,615,160.09,256,160.1,474,160.11,919,0.0105,3555,4676,-1121,1.8968488916563409,0.21846167430754426
2024-01-15 10:08:00,159.89487934344612,159.89,602,159.88,2208,159.87,336,159.86,247,159.85,338,159.9,1804,159.91,1923,159.92,643,159.93,200,159.94,868,0.0078,3731,5438,-1707,0.2907694027815587,0.36783831643820264
2024-01-15 10:08:10,159.78050594316008,159.78,990,159.77,1363,159.76,617,159.75,762,159.74,165,159.79,505,159.8,571,159.81,595,159.82,930,159.83,461,0.0107,3897,3062,835,0.02115634333969269,0.37946576612332916
2024-01-15 10:08:20,159.8890924153227,159.89,885,159.88,902,159.87,768,159.86,698,159.85,180,159.89,2039,159.9,460,159.91,149,159.92,210,159.93,361,0.0073,3433,3219,214,3.4842033747681964,0.4745567208171341
2024-01-15 10:08:30,159.772314757447,159.77,612,159.76,640,159.75,159,159.74,476,159.73,198,159.78,561,159.79,264,159.8,189,159.81,192,159.82,227,0.0074,2085,1433,652,1.044787587099343,0.0634151951107391
2024-01-15 10:08:40,159.80689884735364,159.8,2655,159.79,671,159.78,598,159.77,1286,159.76,247,159.81,407,159.82,1296,159.83,305,159.84,316,159.85,185,0.0119,5457,2509,2948,1.3256346396548662,0.23424359890036162
2024-01-15 10:08:50,159.81418154176345,159.81,835,159.8,1817,159.79,840,159.78,421,159.77,541,159.82,1738,159.83,464,159.84,308,159.85,394,159.86,498,0.0074,4454,3402,1052,0.5046988069287118,0.35143981673243974
2024-01-15 10:09:00,159.7100465655185,159.71,1072,159.7,550,159.69,260,159.68,259,159.67,353,159.71,1824,159.72,721,159.73,452,159.74,250,159.75,560,0.0079,2494,3807,-1313,1.5300241411885498,0.324441842480381
2024-01-15 10:09:10,160.05245597585852,160.05,1242,160.04,765,160.03,130,160.02,532,160.01,345,160.06,894,160.07,1712,160.08,330,160.09,309,160.1,877,0.0126,3014,4122,-1108,0.4795722145309514,0.05611057178814853
2024-01-15 10:09:20,160.15391627227032,160.15,659,160.14,547,160.13,693,160.12,327,160.11,157,160.16,1176,160.17,1126,160.18,820,160.19,286,160.2,611,0.0106,2383,4019,-1636,0.9982027488638807,1.534355826228695
2024-01-15 10:09:30,159.82958175600734,159.82,1112,159.81,799,159.8,441,159.79,1180,159.78,505,159.83,1332,159.84,325,159.85,243,159.86,438,159.87,348,0.0106,4037,2686,1351,1.4426203799216213,0.7410805907840918
2024-01-15 10:09:40,159.85938267115355,159.86,735,159.85,457,159.84,521,159.83,206,159.82,291,159.86,772,159.87,468,159.88,354,159.89,354,159.9,373,0.0084,2210,2321,-111,0.6602817831082568,0.4825363979743863
2024-01-15 10:09:50,159.75358989543557,159.75,286,159.74,621,159.73,257,159.72,884,159.71,836,159.76,1081,159.77,1026,159.78,505,159.79,194,159.8,263,0.012,2884,3069,-185,2.9182323007342883,1.8462074817758742
2024-01-15 10:10:00,159.8897691808158,159.89,1068,159.88,271,159.87,492,159.86,444,159.85,346,159.89,846,159.9,371,159.91,312,159.92,398,159.93,185,0.0088,2621,2112,509,0.672646906542572,0.5369009845903728
2024-01-15 10:10:10,159.76305322287678,159.76,2423,159.75,371,159.74,358,159.73,814,159.72,451,159.77,629,159.78,276,159.79,393,159.8,340,159.81,415,0.0071,4417,2053,2364,1.131794184411349,0.7917061591687815
2024-01-15 10:10:20,159.7447225786721,159.74,765,159.73,392,159.72,240,159.71,487,159.7,272,159.75,780,159.76,829,159.77,215,159.78,161,159.79,240,0.0099,2156,2225,-69,1.3125620295359928,0.5447461485452169
2024-01-15 10:10:30,159.82539163145861,159.82,1714,159.81,765,159.8,587,159.79,254,159.78,400,159.83,1896,159.84,203,159.85,595,159.86,108,159.87,199,0.0105,3720,3001,719,0.14272760435004184,0.17285066367365312
2024-01-15 10:10:40,159.96376129442382,159.96,2258,159.95,1219,159.94,258,159.93,101,159.92,249,159.97,1770,159.98,258,159.99,256,160.0,432,160.01,1171,0.0127,4085,3887,198,0.8446375924131803,0.23585802995824004
2024-01-15 10:10:50,159.771757366483,159.77,507,159.76,600,159.75,427,159.74,447,159.73,669,159.78,1552,159.79,359,159.8,922,159.81,443,159.82,456,0.0115,2650,3732,-1082,0.6697777362601625,0.1429263884752338
2024-01-15 10:11:00,159.71831351619144,159.71,2081,159.7,1521,159.69,221,159.68,150,159.67,344,159.72,999,159.73,549,159.74,761,159.75,240,159.76,334,0.0086,4317,2883,1434,2.838288237173423,0.19165610901684235
2024-01-15 10:11:10,159.6424560520804,159.64,835,159.63,691,159.62,317,159.61,126,159.6,589,159.65,1614,159.66,631,159.67,519,159.68,648,159.69,362,0.0098,2558,3774,-1216,1.661579408336042,0.5615460355367736
2024-01-15 10:11:20,159.53815696878172,159.53,1571,159.52,661,159.51,700,159.5,284,159.49,218,159.54,730,159.55,423,159.56,601,159.57,151,159.58,148,0.0115,3434,2053,1381,0.9556054769824742,0.08509495153710221
2024-01-15 10:11:30,159.8198142844889,159.82,2537,159.81,637,159.8,242,159.79,267,159.78,204,159.82,1858,159.83,504,159.84,790,159.85,512,159.86,1025,0.0075,3887,4689,-802,1.0877530751021565,1.1365216680218972
2024-01-15 10:11:40,159.8845383863233,159.88,477,159.87,851,159.86,386,159.85,329,159.84,406,159.89,789,159.9,512,159.91,463,159.92,673,159.93,183,0.0126,2449,2620,-171,1.4189845957483118,1.4271394599157912
2024-01-15 10:11:50,159.68294253732572,159.68,1461,159.67,313,159.66,376,159.65,385,159.64,342,159.69,914,159.7,750,159.71,655,159.72,547,159.73,197,0.0089,2877,3063,-186,1.113854440047533,1.3067802872182528
2024-01-15 10:12:00,159.82950943387445,159.82,867,159.81,622,159.8,223,159.79,268,159.78,133,159.83,1906,159.84,901,159.85,360,159.86,186,159.87,213,0.0105,2113,3566,-1453,1.5296439433665465,2.399676497043713
2024-01-15 10:12:10,160.16869261778504,160.16,726,160.15,760,160.14,529,160.13,319,160.12,390,160.17,940,160.18,773,160.19,361,160.2,345,160.21,197,0.0092,2724,2616,108,0.28573705978576885,0.38117641381441286
2024-01-15 10:12:20,160.3340612287408,160.33,982,160.32,509,160.31,663,160.3,285,160.29,400,160.34,1180,160.35,660,160.36,262,160.37,700,160.38,983,0.0119,2839,3785,-946,0.7145146654134443,0.12777989763392197
2024-01-15 10:12:30,160.09045447159042,160.09,1004,160.08,741,160.07,541,160.06,687,160.05,172,160.09,1441,160.1,826,160.11,431,160.12,448,160.13,542,0.0089,3145,3688,-543,1.132344603221023,0.2907731597904565
2024-01-15 10:12:40,160.01293321879464,160.01,1546,160.0,555,159.99,1143,159.98,317,159.97,547,160.02,1184,160.03,520,160.04,236,160.05,421,160.06,339,0.0122,4108,2700,1408,0.9271317394188783,0.6178511139964916
2024-01-15 10:12:50,160.21565538790358,160.21,2467,160.2,803,160.19,705,160.18,696,160.17,549,160.22,1546,160.23,525,160.24,348,160.25,447,160.26,516,0.012,5220,3382,1838,0.048346799252431925,3.2549336559040714
2024-01-15 10:13:00,160.10227566067147,160.1,894,160.09,307,160.08,689,160.07,623,160.06,225,160.11,599,160.12,529,160.13,469,160.14,332,160.15,314,0.0111,2738,2243,495,0.44190971923009986,0.42173416114746015
2024-01-15 10:13:10,160.1733321611001,160.17,1117,160.16,1021,160.15,428,160.14,1917,160.13,1027,160.18,913,160.19,583,160.2,762,160.21,887,160.22,142,0.0101,5510,3287,2223,1.5374146022517226,0.21779866084853275
2024-01-15 10:13:20,160.29740787864333,160.29,409,160.28,374,160.27,1155,160.26,165,160.25,281,160.3,1043,160.31,1405,160.32,725,160.33,164,160.34,323,0.0119,2384,3660,-1276,2.5344087171109666,0.4231457534858858
2024-01-15 10:13:30,160.14882332676564,160.15,1010,160.14,511,160.13,236,160.12,265,160.11,420,160.15,1174,160.16,669,160.17,281,160.18,346,160.19,109,0.0073,2442,2579,-137,0.4697235474323051,0.9710918138763649
2024-01-15 10:13:40,160.13929041103424,160.13,1093,160.12,583,160.11,369,160.1,284,160.09,559,160.14,2591,160.15,454,160.16,818,160.17,384,160.18,291,0.0113,2888,4538,-1650,4.4954678271177855,0.6601613947623753
2024-01-15 10:13:50,159.6202361591631,159.61,2121,159.6,409,159.59,699,159.58,424,159.57,326,159.63,614,159.64,1181,159.65,646,159.66,287,159.67,534,0.0129,3979,3262,717,0.0005981176715128857,0.36790801361594244
2024-01-15 10:14:00,159.4567231619348,159.45,779,159.44,692,159.43,238,159.42,272,159.41,141,159.46,1584,159.47,529,159.48,459,159.49,599,159.5,225,0.0084,2122,3396,-1274,3.066216529074919,0.06211686361217883
2024-01-15 10:14:10,159.4164494721386,159.41,855,159.4,365,159.39,257,159.38,477,159.37,246,159.42,1171,159.43,395,159.44,507,159.45,727,159.46,434,0.0088,2200,3234,-1034,0.18489687702771165,1.923757515573203
2024-01-15 10:14:20,159.2175323075587,159.21,813,159.2,1349,159.19,479,159.18,275,159.17,207,159.22,653,159.23,296,159.24,738,159.25,124,159.26,413,0.0071,3123,2224,899,0.18340198741437871,0.37151085687272317
2024-01-15 10:14:30,159.47744080708168,159.47,647,159.46,854,159.45,695,159.44,230,159.43,399,159.48,651,159.49,646,159.5,246,159.51,154,159.52,267,0.01,2825,1964,861,0.19734781486214786,0.49793867407364295
2024-01-15 10:14:40,159.24936552013222,159.24,940,159.23,753,159.22,352,159.21,731,159.2,244,159.26,1819,159.27,294,159.28,383,159.29,321,159.3,372,0.0127,3020,3189,-169,1.651657816993581,0.07153567694042991
2024-01-15 10:14:50,159.17928871482508,159.17,1538,159.16,1033,159.15,227,159.14,233,159.13,265,159.18,1856,159.19,744,159.2,285,159.21,324,159.22,238,0.009,3296,3447,-151,0.35652865891681684,1.0294456297007428
2024-01-15 10:15:00,159.20009990692364,159.19,701,159.18,376,159.17,935,159.16,296,159.15,423,159.21,2024,159.22,572,159.23,393,159.24,565,159.25,186,0.0106,2731,3740,-1009,0.05735463100539237,0.94112855647433
2024-01-15 10:15:10,159.42955075853615,159.43,1774,159.42,428,159.41,420,159.4,302,159.39,218,159.43,996,159.44,552,159.45,384,159.46,263,159.47,380,0.0084,3142,2575,567,2.15830058932729,0.8074212048861228
2024-01-15 10:15:20,159.20063190082243,159.2,2286,159.19,145,159.18,373,159.17,335,159.16,436,159.21,1940,159.22,444,159.23,560,159.24,354,159.25,441,0.0102,3916,3739,177,2.1277511699010834,0.050878547090768396
2024-01-15 10:15:30,159.38580830516963,159.38,2127,159.37,286,159.36,420,159.35,440,159.34,353,159.39,397,159.4,394,159.41,448,159.42,495,159.43,108,0.0085,3626,1842,1784,2.4029411851621445,0.841543907163059
2024-01-15 10:15:40,159.38743930987167,159.38,922,159.37,469,159.36,790,159.35,673,159.34,290,159.39,1816,159.4,466,159.41,501,159.42,504,159.43,479,0.0116,3144,3766,-622,1.8645859941182976,0.5026149865845411
2024-01-15 10:15:50,159.23099915932065,159.23,1364,159.22,1418,159.21,289,159.2,849,159.19,275,159.23,1940,159.24,304,159.25,621,159.26,262,159.27,159,0.0073,4195,3286,909,0.3451857319967214,1.380744623767398
2024-01-15 10:16:00,159.30458035724257,159.3,1115,159.29,395,159.28,127,159.27,390,159.26,521,159.31,602,159.32,940,159.33,276,159.34,352,159.35,472,0.0099,2548,2642,-94,1.8269703530129697,0.7999764615179965
2024-01-15 10:16:10,159.33629147851195,159.33,552,159.32,861,159.31,994,159.3,590,159.29,474,159.34,1030,159.35,747,159.36,865,159.37,194,159.38,272,0.0079,3471,3108,363,1.6914366769983171,0.9095941499401257
2024-01-15 10:16:20,159.24065514722267,159.24,679,159.23,1101,159.22,443,159.21,580,159.2,269,159.25,1049,159.26,572,159.27,393,159.28,453,159.29,177,0.0094,3072,2644,428,1.2262324862905412,0.7664660415073957
2024-01-15 10:16:30,159.25177047696712,159.25,881,159.24,460,159.23,341,159.22,361,159.21,287,159.26,1747,159.27,675,159.28,321,159.29,975,159.3,332,0.0108,2330,4050,-1720,0.2996254782146343,0.05427318919853094
2024-01-15 10:16:40,159.19040860447805,159.18,1468,159.17,512,159.16,325,159.15,1312,159.14,606,159.2,562,159.21,732,159.22,960,159.23,179,159.24,336,0.0114,4223,2769,1454,0.8957946413840687,0.21322214307774273
2024-01-15 10:16:50,159.2084794770523,159.2,1064,159.19,1216,159.18,1052,159.17,1832,159.16,184,159.21,1129,159.22,217,159.23,611,159.24,288,159.25,847,0.011,5348,3092,2256,0.5757496857634068,0.32400604817547657
2024-01-15 10:17:00,159.3138962949579,159.31,678,159.3,810,159.29,420,159.28,379,159.27,488,159.32,1806,159.33,400,159.34,456,159.35,288,159.36,436,0.0103,2775,3386,-611,0.012075645280140084,0.8047826218231986
2024-01-15 10:17:10,159.56657081352736,159.56,890,159.55,399,159.54,456,159.53,382,159.52,410,159.57,504,159.58,827,159.59,119,159.6,276,159.61,253,0.0114,2537,1979,558,0.21686116625938234,0.7030186460483493
2024-01-15 10:17:20,159.36905683907972,159.36,1372,159.35,653,159.34,330,159.33,682,159.32,291,159.37,770,159.38,279,159.39,449,159.4,287,159.41,752,0.0116,3328,2537,791,0.4041060702801168,0.3791151097355419
2024-01-15 10:17:30,159.70899635620498,159.71,2514,159.7,416,159.69,407,159.68,842,159.67,484,159.71,1538,159.72,303,159.73,260,159.74,100,159.75,216,0.0076,4663,2417,2246,0.38278370448899895,2.585502416627013
2024-01-15 10:17:40,159.39723037294405,159.39,1613,159.38,952,159.37,456,159.36,602,159.35,975,159.4,680,159.41,332,159.42,510,159.43,671,159.44,202,0.0073,4598,2395,2203,0.01615799662294176,3.315529595780795
2024-01-15 10:17:50,159.37303624918349,159.37,1017,159.36,425,159.35,507,159.34,476,159.33,357,159.38,600,159.39,682,159.4,962,159.41,474,159.42,524,0.0093,2782,3242,-460,1.0460661964280917,2.2951023416293834
2024-01-15 10:18:00,159.46679814865857,159.46,888,159.45,504,159.44,315,159.43,555,159.42,569,159.47,633,159.48,461,159.49,427,159.5,851,159.51,429,0.0107,2831,2801,30,0.04116981764792729,0.3947778025434058
2024-01-15 10:18:10,159.5116070221121,159.51,515,159.5,506,159.49,397,159.48,520,159.47,228,159.52,2314,159.53,236,159.54,892,159.55,338,159.56,498,0.0098,2166,4278,-2112,0.4909784785030483,1.7694061649017576
2024-01-15 10:18:20,159.41227922101362,159.41,1040,159.4,669,159.39,571,159.38,501,159.37,297,159.42,634,159.43,334,159.44,770,159.45,556,159.46,448,0.0078,3078,2742,336,0.06592033540715676,0.48975442434028477
2024-01-15 10:18:30,159.37910197872756,159.37,1500,159.36,1209,159.35,721,159.34,367,159.33,366,159.38,863,159.39,1212,159.4,419,159.41,425,159.42,574,0.0087,4163,3493,670,0.500471317699037,0.9370328110715549
2024-01-15 10:18:40,159.30052793248697,159.3,677,159.29,404,159.28,674,159.27,352,159.26,276,159.31,529,159.32,586,159.33,259,159.34,163,159.35,344,0.0097,2383,1881,502,2.157130065038925,0.16457152044913623
2024-01-15 10:18:50,159.20664181556097,159.2,727,159.19,396,159.18,1139,159.17,262,159.16,741,159.21,885,159.22,616,159.23,791,159.24,715,159.25,306,0.0106,3265,3313,-48,3.864750220070523,0.5459979179561858
2024-01-15 10:19:00,159.34190411230713,159.34,823,159.33,699,159.32,590,159.31,739,159.3,389,159.35,936,159.36,1069,159.37,142,159.38,292,159.39,221,0.01,3240,2660,580,0.7978795716699965,0.5398499144592432
2024-01-15 10:19:10,159.39879163963838,159.39,982,159.38,800,159.37,365,159.36,273,159.35,338,159.4,1006,159.41,782,159.42,405,159.43,151,159.44,261,0.0123,2758,2605,153,0.21403069541003955,0.1381951044775152
2024-01-15 10:19:20,159.2883426874383,159.28,1487,159.27,570,159.26,985,159.25,281,159.24,253,159.29,1258,159.3,564,159.31,238,159.32,367,159.33,308,0.0088,3576,2735,841,1.2367416994390525,4.117301050112322
2024-01-15 10:19:30,159.4316384606779,159.43,1628,159.42,707,159.41,359,159.4,248,159.39,241,159.44,787,159.45,736,159.46,1500,159.47,264,159.48,263,0.0073,3183,3550,-367,1.530171671923533,0.01056887890164542
2024-01-15 10:19:40,159.48063172678945,159.47,968,159.46,568,159.45,740,159.44,161,159.43,1211,159.49,1563,159.5,541,159.51,397,159.52,547,159.53,454,0.0116,3648,3502,146,3.2717097512450293,0.7112277339379046
2024-01-15 10:19:50,159.61026749100867,159.61,1095,159.6,695,159.59,268,159.58,231,159.57,199,159.62,1056,159.63,450,159.64,593,159.65,100,159.66,211,0.0097,2488,2410,78,0.09098327664737925,0.36128524627551956
2024-01-15 10:20:00,159.71076271888816,159.7,569,159.69,568,159.68,574,159.67,578,159.66,348,159.72,851,159.73,623,159.74,391,159.75,166,159.76,559,0.0128,2637,2590,47,5.38638666849705,0.3389910853962133
2024-01-15 10:20:10,159.57836329340364,159.57,1571,159.56,186,159.55,707,159.54,377,159.53,584,159.58,503,159.59,798,159.6,1179,159.61,467,159.62,372,0.0102,3425,3319,106,0.9450546149855406,0.4635822307736845
2024-01-15 10:20:20,159.488970519861,159.48,1004,159.47,504,159.46,263,159.45,247,159.44,124,159.49,958,159.5,1309,159.51,553,159.52,750,159.53,554,0.0116,2142,4124,-1982,0.272188940651747,0.2540964112951039
2024-01-15 10:20:30,159.6081556076182,159.6,760,159.59,668,159.58,1389,159.57,484,159.56,314,159.61,1712,159.62,683,159.63,514,159.64,219,159.65,364,0.01,3615,3492,123,1.2658984863540612,0.465284490417675
2024-01-15 10:20:40,159.70557567992176,159.7,1678,159.69,198,159.68,295,159.67,313,159.66,425,159.71,687,159.72,330,159.73,180,159.74,281,159.75,859,0.0076,2909,2337,572,0.3194817179565926,1.3336001120802154
2024-01-15 10:20:50,159.7022375788251,159.7,1145,159.69,576,159.68,356,159.67,192,159.66,188,159.71,363,159.72,585,159.73,343,159.74,233,159.75,313,0.0073,2457,1837,620,0.5882697799283968,0.8593080041840838
2024-01-15 10:21:00,159.7209750244688,159.71,1199,159.7,908,159.69,266,159.68,554,159.67,696,159.73,1140,159.74,453,159.75,498,159.76,272,159.77,214,0.0129,3623,2577,1046,1.8427707457617941,0.030824021993599404
2024-01-15 10:21:10,159.92504490737866,159.92,1407,159.91,293,159.9,417,159.89,692,159.88,151,159.93,590,159.94,655,159.95,283,159.96,254,159.97,262,0.0121,2960,2044,916,1.2175020890595358,0.2452012078556946
2024-01-15 10:21:20,159.83043782645316,159.83,505,159.82,712,159.81,448,159.8,214,159.79,207,159.84,2152,159.85,625,159.86,487,159.87,399,159.88,650,0.0092,2086,4313,-2227,0.37517967311876155,0.06283921189922631
2024-01-15 10:21:30,159.91788064041927,159.91,592,159.9,609,159.89,439,159.88,697,159.87,189,159.92,683,159.93,1033,159.94,344,159.95,594,159.96,758,0.0112,2526,3412,-886,1.1806477254887482,4.37155939286399
2024-01-15 10:21:40,159.88554641996097,159.88,817,159.87,1058,159.86,1033,159.85,467,159.84,705,159.89,904,159.9,254,159.91,712,159.92,153,159.93,352,0.0084,4080,2375,1705,0.9989183271273994,0.7313639198622728
2024-01-15 10:21:50,159.85074234183764,159.85,1612,159.84,601,159.83,210,159.82,236,159.81,244,159.85,361,159.86,630,159.87,409,159.88,164,159.89,396,0.0073,2903,1960,943,0.11228871316461363,1.4955614060910039
2024-01-15 10:22:00,160.02638263729582,160.02,1430,160.01,501,160.0,534,159.99,635,159.98,405,160.03,2533,160.04,1005,160.05,1094,160.06,108,160.07,340,0.0118,3505,5080,-1575,0.08495590498342367,0.570955378859975
2024-01-15 10:22:10,160.15847102979407,160.15,850,160.14,356,160.13,495,160.12,623,160.11,447,160.16,305,160.17,1708,160.18,537,160.19,257,160.2,350,0.0088,2771,3157,-386,0.9836457729649994,0.07826290217339418
2024-01-15 10:22:20,160.28876148926395,160.28,1092,160.27,502,160.26,340,160.25,505,160.24,300,160.29,1752,160.3,740,160.31,339,160.32,448,160.33,206,0.0077,2739,3485,-746,1.019176110420165,0.4169740430229774
2024-01-15 10:22:30,160.4980150704132,160.49,1605,160.48,392,160.47,286,160.46,650,160.45,519,160.5,1275,160.51,1052,160.52,298,160.53,451,160.54,304,0.013,3452,3380,72,0.04076780149507192,0.44987711715131956
2024-01-15 10:22:40,160.5013861453041,160.5,1527,160.49,510,160.48,1167,160.47,359,160.46,235,160.51,1474,160.52,598,160.53,231,160.54,637,160.55,223,0.012,3798,3163,635,3.5960536541812793,0.4463807037756296
2024-01-15 10:22:50,160.61084054248286,160.61,1022,160.6,1220,160.59,269,160.58,709,160.57,520,160.62,637,160.63,349,160.64,552,160.65,248,160.66,341,0.0099,3740,2127,1613,2.037884213244392,2.2148686572717233
2024-01-15 10:23:00,160.561008337914,160.56,785,160.55,412,160.54,445,160.53,623,160.52,422,160.57,792,160.58,288,160.59,541,160.6,172,160.61,291,0.0097,2687,2084,603,0.41915101935504245,0.7907078851523114
2024-01-15 10:23:10,160.61305681433876,160.61,1803,160.6,782,160.59,979,160.58,295,160.57,252,160.62,1776,160.63,713,160.64,873,160.65,437,160.66,181,0.0075,4111,3980,131,0.9071984360990504,0.3204985428675294
2024-01-15 10:23:20,160.59215414055362,160.59,513,160.58,894,160.57,932,160.56,825,160.55,420,160.6,589,160.61,843,160.62,300,160.63,319,160.64,392,0.0072,3584,2443,1141,1.956163282114705,3.2896358960708025
2024-01-15 10:23:30,160.60773093151474,160.6,668,160.59,723,160.58,880,160.57,724,160.56,425,160.61,1526,160.62,795,160.63,368,160.64,553,160.65,161,0.0108,3420,3403,17,3.1693970046019153,0.03399490682848674
2024-01-15 10:23:40,160.7033177509181,160.7,1693,160.69,798,160.68,307,160.67,290,160.66,233,160.71,1540,160.72,611,160.73,368,160.74,314,160.75,324,0.0105,3321,3157,164,2.4279795363560046,0.15854396621277056
2024-01-15 10:23:50,160.57182697247006,160.57,2250,160.56,458,160.55,368,160.54,581,160.53,749,160.58,668,160.59,1054,160.6,156,160.61,208,160.62,200,0.0109,4406,2286,2120,0.8314765365449188,0.2907838704087679
2024-01-15 10:24:00,160.90780542006084,160.9,508,160.89,789,160.88,400,160.87,438,160.86,223,160.91,975,160.92,786,160.93,499,160.94,458,160.95,203,0.0125,2358,2921,-563,0.36202501037717133,0.09763202338712916
2024-01-15 10:24:10,160.74592937098927,160.74,744,160.73,563,160.72,293,160.71,307,160.7,384,160.75,1190,160.76,392,160.77,363,160.78,648,160.79,415,0.0079,2291,3008,-717,1.1304877464462069,1.147816668870851
2024-01-15 10:24:20,160.55075349399505,160.55,2822,160.54,1001,160.53,438,160.52,696,160.51,368,160.56,1725,160.57,1121,160.58,268,160.59,563,160.6,295,0.0108,5325,3972,1353,1.5173114506113388,2.410127143633191
2024-01-15 10:24:30,160.73668906736506,160.73,1071,160.72,365,160.71,1225,160.7,152,160.69,240,160.74,1203,160.75,824,160.76,440,160.77,368,160.78,397,0.0093,3053,3232,-179,1.0028804020557984,1.2767394335517257
2024-01-15 10:24:40,160.8639383076508,160.86,890,160.85,1270,160.84,227,160.83,435,160.82,278,160.87,1418,160.88,335,160.89,1046,160.9,169,160.91,286,0.0085,3100,3254,-154,1.7130056071587731,7.339000566875333
2024-01-15 10:24:50,160.96433667939766,160.96,1242,160.95,942,160.94,250,160.93,783,160.92,326,160.97,742,160.98,530,160.99,694,161.0,282,161.01,222,0.0083,3543,2470,1073,0.4188931492316493,3.9836980909056794
2024-01-15 10:25:00,161.06547789750186,161.06,895,161.05,340,161.04,399,161.03,319,161.02,297,161.07,1437,161.08,659,161.09,856,161.1,376,161.11,787,0.0108,2250,4115,-1865,1.3162935503107585,0.19111656684213846
2024-01-15 10:25:10,161.06350536518056,161.06,794,161.05,452,161.04,511,161.03,497,161.02,109,161.07,995,161.08,666,161.09,403,161.1,722,161.11,400,0.0092,2363,3186,-823,2.17679369010487,0.5292315658763624
2024-01-15 10:25:20,160.9189904309048,160.91,1925,160.9,343,160.89,1158,160.88,262,160.87,231,160.92,645,160.93,1093,160.94,247,160.95,383,160.96,283,0.0106,3919,2651,1268,1.4370034628429897,0.15534023502232128
2024-01-15 10:25:30,160.9311888238794,160.93,1679,160.92,633,160.91,396,160.9,672,160.89,100,160.93,991,160.94,583,160.95,369,160.96,898,160.97,207,0.0071,3480,3048,432,1.6774063328595237,0.8877791779354787
2024-01-15 10:25:40,160.82221238461975,160.82,1470,160.81,847,160.8,240,160.79,324,160.78,590,160.83,1349,160.84,505,160.85,343,160.86,1003,160.87,157,0.0083,3471,3357,114,0.9856478573672319,0.4443242031000813
2024-01-15 10:25:50,160.9790332974879,160.97,970,160.96,224,160.95,112,160.94,569,160.93,345,160.99,893,161.0,1232,161.01,637,161.02,850,161.03,161,0.013,2220,3773,-1553,0.6235022135159871,0.28212233914808726
2024-01-15 10:26:00,160.95536014237442,160.95,982,160.94,739,160.93,433,160.92,1147,160.91,428,160.96,584,160.97,655,160.98,310,160.99,334,161.0,205,0.0125,3729,2088,1641,1.5050102037746924,0.24906472205362645
2024-01-15 10:26:10,160.82249194376817,160.82,2867,160.81,881,160.8,428,160.79,274,160.78,745,160.83,651,160.84,626,160.85,642,160.86,167,160.87,412,0.008,5195,2498,2697,0.28163964810765985,1.264294035716798
2024-01-15 10:26:20,160.7708058718381,160.76,590,160.75,1031,160.74,1013,160.73,210,160.72,218,160.78,1566,160.79,1083,160.8,330,160.81,261,160.82,233,0.0117,3062,3473,-411,0.26699756700097926,0.019847140688670828
2024-01-15 10:26:30,160.83719319451183,160.83,448,160.82,590,160.81,523,160.8,609,160.79,421,160.84,908,160.85,557,160.86,598,160.87,715,160.88,345,0.0123,2591,3123,-532,0.36949639261205763,0.4600139414971132
2024-01-15 10:26:40,160.746525319704,160.74,790,160.73,504,160.72,862,160.71,356,160.7,434,160.75,954,160.76,1340,160.77,592,160.78,498,160.79,430,0.0116,2946,3814,-868,1.8980052745393985,0.34129431239945185
2024-01-15 10:26:50,160.6143562480697,160.61,757,160.6,2031,160.59,837,160.58,543,160.57,342,160.62,1654,160.63,797,160.64,469,160.65,325,160.66,311,0.0127,4510,3556,954,0.0749532981636098,1.1533917402336509
2024-01-15 10:27:00,160.65349591266937,160.65,204,160.64,589,160.63,1025,160.62,464,160.61,200,160.66,1069,160.67,580,160.68,269,160.69,453,160.7,327,0.01,2482,2698,-216,0.075692174509366,0.9857289822107594
2024-01-15 10:27:10,160.69285064869973,160.69,1320,160.68,797,160.67,593,160.66,379,160.65,398,160.7,2230,160.71,533,160.72,496,160.73,220,160.74,209,0.0085,3487,3688,-201,0.5412574871347138,1.919261976619523
2024-01-15 10:27:20,160.61138850473245,160.61,1050,160.6,824,160.59,385,160.58,460,160.57,232,160.62,1133,160.63,410,160.64,837,160.65,282,160.66,451,0.0121,2951,3113,-162,0.2687720454647362,1.25057635177767
2024-01-15 10:27:30,160.53573438842818,160.53,531,160.52,374,160.51,525,160.5,209,160.49,285,160.54,1673,160.55,916,160.56,466,160.57,232,160.58,447,0.0122,1924,3734,-1810,0.7672006290284822,0.5011896898549628
2024-01-15 10:27:40,160.57298669553668,160.57,1009,160.56,119,160.55,307,160.54,693,160.53,318,160.58,844,160.59,1103,160.6,440,160.61,133,160.62,152,0.0121,2446,2672,-226,1.5796610985976003,0.6664716878250678
2024-01-15 10:27:50,160.3404634678354,160.34,1232,160.33,539,160.32,379,160.31,357,160.3,369,160.34,927,160.35,327,160.36,591,160.37,142,160.38,116,0.009,2876,2103,773,0.5929449070426361,3.3673154589873473
2024-01-15 10:28:00,160.11479007393768,160.11,1447,160.1,400,160.09,308,160.08,835,160.07,284,160.12,1392,160.13,386,160.14,450,160.15,320,160.16,231,0.0093,3274,2779,495,0.8295102390152554,0.22938704243742594
2024-01-15 10:28:10,159.99975652827203,159.99,1781,159.98,717,159.97,409,159.96,733,159.95,209,160.01,1368,160.02,535,160.03,428,160.04,345,160.05,212,0.0115,3849,2888,961,0.2181313642135448,2.8782405196407157
2024-01-15 10:28:20,159.9656050359665,159.96,992,159.95,864,159.94,419,159.93,161,159.92,382,159.97,1654,159.98,1168,159.99,383,160.0,407,160.01,332,0.0129,2818,3944,-1126,0.3567707812530381,0.16400743025106448
2024-01-15 10:28:30,160.01533955280763,160.01,2106,160.0,1209,159.99,334,159.98,253,159.97,336,160.02,1408,160.03,573,160.04,830,160.05,494,160.06,109,0.0087,4238,3414,824,0.11473809550171603,2.0869337155425405
2024-01-15 10:28:40,160.25141917882416,160.25,767,160.24,630,160.23,244,160.22,1219,160.21,288,160.26,1056,160.27,837,160.28,337,160.29,389,160.3,231,0.0117,3148,2850,298,1.8083700693350846,0.16816547047814728
2024-01-15 10:28:50,160.38886035061466,160.38,1230,160.37,436,160.36,235,160.35,364,160.34,139,160.39,1100,160.4,604,160.41,498,160.42,291,160.43,1509,0.0088,2404,4002,-1598,0.8246110153980523,0.18731042811116805
2024-01-15 10:29:00,160.3632079920677,160.33,1973,160.35,950,160.34,199,160.33,323,160.32,287,160.42000000000002,1339,160.38,836,160.39,319,160.4,308,160.41,404,0.0082,3732,3206,526,1.029477882238987,1.5266866036488427
2024-01-15 10:29:10,160.36015849196457,160.35,670,160.34,401,160.33,587,160.32,519,160.31,255,160.37,679,160.38,1376,160.39,519,160.4,520,160.41,214,0.0126,2432,3308,-876,0.5146000942652068,0.052582858575315757
2024-01-15 10:29:20,160.1993927241584,160.19,543,160.18,542,160.17,285,160.16,693,160.15,232,160.2,805,160.21,743,160.22,232,160.23,183,160.24,392,0.01,2295,2355,-60,1.2283622513549934,0.21119248353923978
2024-01-15 10:29:30,160.196426931015,160.19,800,160.18,703,160.17,307,160.16,292,160.15,628,160.2,1512,160.21,666,160.22,245,160.23,421,160.24,551,0.0092,2730,3395,-665,1.0334230867400067,1.051893938749553
2024-01-15 10:29:40,160.15018484845723,160.14,828,160.13,646,160.12,295,160.11,584,160.1,485,160.16,566,160.17,738,160.18,642,160.19,588,160.2,312,0.0122,2838,2846,-8,0.1911331444817253,0.41170007374156736
2024-01-15 10:29:50,160.2018682855494,160.2,651,160.19,1065,160.18,154,160.17,816,160.16,568,160.21,794,160.22,807,160.23,464,160.24,700,160.25,529,0.0071,3254,3294,-40,0.4307934830300976,2.6362769262526493
2024-01-15 10:30:00,160.0693443428887,160.07,496,160.06,1854,160.05,844,160.04,201,160.03,480,160.07,1668,160.08,503,160.09,591,160.1,301,160.11,696,0.0074,3875,3759,116,1.250391564420102,0.232577278553416
2024-01-15 10:30:10,160.15247579891007,160.15,1200,160.14,558,160.13,787,160.12,369,160.11,416,160.16,852,160.17,367,160.18,435,160.19,442,160.2,233,0.0104,3330,2329,1001,1.2893778690672981,0.3732578244646098
2024-01-15 10:30:20,160.39794773058077,160.39,888,160.38,427,160.37,112,160.36,287,160.35,623,160.4,354,160.41,382,160.42,577,160.43,123,160.44,251,0.0117,2337,1687,650,0.742872695162486,1.1108690734334095
2024-01-15 10:30:30,160.38050282597342,160.38,1769,160.37,710,160.36,430,160.35,502,160.34,734,160.38,895,160.39,637,160.4,510,160.41,1253,160.42,113,0.0086,4145,3408,737,0.08498495634527711,0.214852062921371
2024-01-15 10:30:40,160.44492955395475,160.44,1407,160.43,396,160.42,139,160.41,443,160.4,790,160.45,442,160.46,632,160.47,325,160.48,491,160.49,297,0.0127,3175,2187,988,0.3372643572226335,0.2843050891945535
2024-01-15 10:30:50,160.55565965808694,160.55,506,160.54,1039,160.53,591,160.52,262,160.51,301,160.56,2223,160.57,888,160.58,465,160.59,336,160.6,336,0.0109,2699,4248,-1549,2.535410987728715,3.4552037372976967
2024-01-15 10:31:00,160.49124144055497,160.49,774,160.48,859,160.47,449,160.46,298,160.45,356,160.5,450,160.51,554,160.52,134,160.53,163,160.54,130,0.0102,2736,1431,1305,0.17945022237007116,0.7006138561116622
2024-01-15 10:31:10,160.52720632115822,160.52,1688,160.51,331,160.5,867,160.49,546,160.48,424,160.53,1430,160.54,2038,160.55,1381,160.56,268,160.57,730,0.012,3856,5847,-1991,0.3281804122525437,0.8323003059024983
2024-01-15 10:31:20,160.5292277440766,160.53,1211,160.52,1308,160.51,357,160.5,376,160.49,131,160.53,717,160.54,237,160.55,574,160.56,574,160.57,290,0.0075,3383,2392,991,2.0664156903706217,0.06162253588162448
2024-01-15 10:31:30,160.5449076127457,160.54,1153,160.53,335,160.52,264,160.51,540,160.5,327,160.55,933,160.56,498,160.57,397,160.58,639,160.59,274,0.0123,2619,2741,-122,0.4870317913667741,2.470012537408331
2024-01-15 10:31:40,160.42080482841288,160.42,511,160.41,717,160.4,464,160.39,267,160.38,315,160.43,803,160.44,273,160.45,314,160.46,591,160.47,717,0.0116,2274,2698,-424,2.834956654154191,2.133985158334065
2024-01-15 10:31:50,160.42473677029398,160.42,1384,160.41,727,160.4,970,160.39,230,160.38,346,160.43,1043,160.44,360,160.45,747,160.46,1211,160.47,321,0.0101,3657,3682,-25,0.06571407730269342,0.8022657885790043
2024-01-15 10:32:00,160.50462801507908,160.5,1287,160.49,842,160.48,403,160.47,475,160.46,177,160.51,778,160.52,584,160.53,244,160.54,250,160.55,379,0.012,3184,2235,949,0.3120392307307135,1.6684765942617596
2024-01-15 10:32:10,160.7375432800447,160.73,1067,160.72,419,160.71,479,160.7,633,160.69,416,160.74,1132,160.75,640,160.76,566,160.77,419,160.78,193,0.0073,3014,2950,64,0.7511528927398088,0.1356740614299455
2024-01-15 10:32:20,160.89173411596985,160.89,1023,160.88,1982,160.87,392,160.86,523,160.85,322,160.9,539,160.91,238,160.92,674,160.93,822,160.94,224,0.0106,4242,2497,1745,0.24551672317395817,3.3820261045140305
2024-01-15 10:32:30,161.23816337542698,161.23,436,161.22,541,161.21,447,161.2,534,161.19,230,161.24,872,161.25,611,161.26,499,161.27,397,161.28,403,0.0078,2188,2782,-594,0.05375195367858118,1.5271605556957812
2024-01-15 10:32:40,161.1144376637163,161.11,1524,161.1,628,161.09,948,161.08,507,161.07,258,161.12,800,161.13,465,161.14,635,161.15,277,161.16,262,0.0121,3865,2439,1426,1.8427294038461077,0.808828531528699
2024-01-15 10:32:50,161.254981112564,161.25,1697,161.24,578,161.23,416,161.22,550,161.21,381,161.26,3120,161.27,401,161.28,600,161.29,290,161.3,209,0.0124,3622,4620,-998,0.819020330158421,0.698729617097775
2024-01-15 10:33:00,161.28454592423648,161.28,994,161.27,234,161.26,330,161.25,1356,161.24,448,161.29,643,161.3,1242,161.31,282,161.32,287,161.33,182,0.0079,3362,2636,726,0.44035775267702487,1.1940654246732532
2024-01-15 10:33:10,161.63772729598406,161.63,1136,161.62,321,161.61,183,161.6,355,161.59,326,161.64,1115,161.65,492,161.66,419,161.67,455,161.68,545,0.0104,2321,3026,-705,2.134607331993112,2.845685786020836
2024-01-15 10:33:20,161.50707579816202,161.5,376,161.49,699,161.48,339,161.47,253,161.46,100,161.51,892,161.52,1263,161.53,296,161.54,176,161.55,403,0.0114,1767,3030,-1263,0.3178875625462011,0.12499857540334465
2024-01-15 10:33:30,161.37145477894757,161.37,1363,161.36,663,161.35,681,161.34,1246,161.33,490,161.38,1785,161.39,477,161.4,277,161.41,390,161.42,341,0.0085,4443,3270,1173,2.75782178131858,0.36867829922359563
2024-01-15 10:33:40,161.27472991576846,161.27,583,161.26,417,161.25,695,161.24,248,161.23,446,161.28,1015,161.29,192,161.3,347,161.31,447,161.32,264,0.0122,2389,2265,124,0.7783283729338986,1.7057321038928244
2024-01-15 10:33:50,160.93219920646115,160.93,279,160.92,831,160.91,748,160.9,935,160.89,417,160.94,589,160.95,541,160.96,540,160.97,1065,160.98,161,0.008,3210,2896,314,2.373722161699383,0.8852036528378233
2024-01-15 10:34:00,160.84758829457823,160.84,1824,160.83,1357,160.82,396,160.81,373,160.8,671,160.85,860,160.86,794,160.87,718,160.88,343,160.89,378,0.0075,4621,3093,1528,1.9588574344478835,0.09296352899619693
2024-01-15 10:34:10,160.72548363677168,160.72,1391,160.71,379,160.7,354,160.69,300,160.68,154,160.73,664,160.74,349,160.75,377,160.76,261,160.77,143,0.0122,2578,1794,784,0.4257475551903927,1.3722026329787393
2024-01-15 10:34:20,160.74965575083903,160.74,2749,160.73,419,160.72,831,160.71,272,160.7,408,160.76,834,160.77,398,160.78,342,160.79,546,160.8,388,0.0124,4679,2508,2171,0.2919594251223933,0.8103459938958355
2024-01-15 10:34:30,160.804592906296,160.8,1622,160.79,337,160.78,657,160.77,308,160.76,479,160.81,479,160.82,327,160.83,314,160.84,394,160.85,235,0.0102,3403,1749,1654,1.1302200365512811,1.625628898111523
2024-01-15 10:34:40,161.10628979431877,161.1,1390,161.09,928,161.08,854,161.07,663,161.06,249,161.11,1348,161.12,259,161.13,328,161.14,760,161.15,267,0.0104,4084,2962,1122,1.7035480315197644,2.658142991712515
2024-01-15 10:34:50,161.259409052621,161.25,392,161.24,871,161.23,532,161.22,341,161.21,277,161.26,1535,161.27,811,161.28,407,161.29,650,161.3,303,0.0103,2413,3706,-1293,0.2623192327506039,0.34417687828817495
2024-01-15 10:35:00,161.1663779100286,161.16,653,161.15,1597,161.14,226,161.13,332,161.12,233,161.17,913,161.18,1222,161.19,283,161.2,302,161.21,449,0.0116,3041,3169,-128,0.0038376448485142114,0.271972573009459
2024-01-15 10:35:10,161.02158367158614,161.02,1047,161.01,1058,161.0,514,160.99,418,160.98,322,161.03,771,161.04,686,161.05,587,161.06,158,161.07,247,0.0126,3359,2449,910,0.0014293641335457468,0.5970797473993517
2024-01-15 10:35:20,161.10079327562053,161.09,880,161.08,372,161.07,284,161.06,326,161.05,278,161.11,1577,161.12,440,161.13,576,161.14,325,161.15,223,0.012,2140,3141,-1001,2.0404125816805205,1.010891658527921
2024-01-15 10:35:30,160.8881026586607,160.88,847,160.87,262,160.86,350,160.85,321,160.84,748,160.89,871,160.9,204,160.91,170,160.92,385,160.93,440,0.008,2528,2070,458,2.792290362914006,1.6352346904884285
2024-01-15 10:35:40,161.1827625845966,161.18,1206,161.17,1164,161.16,511,161.15,250,161.14,145,161.19,839,161.2,231,161.21,338,161.22,327,161.23,229,0.0121,3276,1964,1312,0.11714430178745301,0.2476788311897125
2024-01-15 10:35:50,161.37286800155755,161.34,1021,161.36,1217,161.35,398,161.34,296,161.33,717,161.43,537,161.39,350,161.4,267,161.41,366,161.42,402,0.0098,3649,1922,1727,0.6582149388799057,0.7346436237016019
2024-01-15 10:36:00,161.29715578098092,161.29,1447,161.28,473,161.27,606,161.26,526,161.25,189,161.3,1409,161.31,570,161.32,469,161.33,243,161.34,265,0.0129,3241,2956,285,0.9652745899236133,0.1736332712183605
2024-01-15 10:36:10,161.02083205396838,161.01,597,161.0,316,160.99,155,160.98,267,160.97,351,161.03,1052,161.04,663,161.05,228,161.06,566,161.07,365,0.0128,1686,2874,-1188,0.07462303111460601,2.3969571901282696
2024-01-15 10:36:20,161.23883371015137,161.23,1442,161.22,635,161.21,308,161.2,246,161.19,147,161.25,1165,161.26,328,161.27,464,161.28,509,161.29,359,0.0127,2778,2825,-47,0.41585337143341533,1.9374225975811323
2024-01-15 10:36:30,161.2203654390895,161.22,696,161.21,473,161.2,356,161.19,258,161.18,502,161.23,701,161.24,849,161.25,382,161.26,141,161.27,243,0.0096,2285,2316,-31,0.16181257720421235,0.71331943796045
2024-01-15 10:36:40,161.41992663725233,161.42,554,161.41,565,161.4,139,161.39,182,161.38,262,161.42,518,161.43,915,161.44,571,161.45,453,161.46,100,0.0098,1702,2557,-855,3.810084545911345,0.22384962501067224
2024-01-15 10:36:50,161.16255424154133,161.16,768,161.15,402,161.14,353,161.13,552,161.12,290,161.17,509,161.18,1490,161.19,543,161.2,187,161.21,259,0.0083,2365,2988,-623,0.5159030888144762,1.0474077979914793
2024-01-15 10:37:00,161.0659574318935,161.06,1057,161.05,304,161.04,797,161.03,350,161.02,210,161.07,371,161.08,538,161.09,460,161.1,837,161.11,523,0.0112,2718,2729,-11,2.018550798108914,1.1178200817565918
2024-01-15 10:37:10,161.0668020134091,161.06,747,161.05,1313,161.04,560,161.03,314,161.02,252,161.07,918,161.08,1395,161.09,126,161.1,375,161.11,254,0.0073,3186,3364,-178,0.7781945920487244,1.131034306780091
2024-01-15 10:37:20,161.0743690274035,161.07,1732,161.06,628,161.05,624,161.04,493,161.03,305,161.08,503,161.09,998,161.1,936,161.11,207,161.12,160,0.0112,3782,2804,978,0.9205161680201928,0.06260233696652104
2024-01-15 10:37:30,161.00187501556394,161.0,933,160.99,205,160.98,1031,160.97,538,160.96,423,161.01,1086,161.02,308,161.03,363,161.04,577,161.05,191,0.0095,3130,2525,605,0.1712292050473263,0.03156097941302429
2024-01-15 10:37:40,161.1021550225252,161.1,281,161.09,415,161.08,313,161.07,931,161.06,497,161.11,881,161.12,861,161.13,375,161.14,400,161.15,404,0.0127,2437,2921,-484,1.455723140479457,0.43177216132212776
2024-01-15 10:37:50,160.9301590706056,160.93,811,160.92,423,160.91,332,160.9,552,160.89,238,160.93,651,160.94,453,160.95,810,160.96,381,160.97,296,0.0093,2356,2591,-235,0.4406852222652278,1.3769454965171413
2024-01-15 10:38:00,160.90724591743273,160.9,946,160.89,775,160.88,888,160.87,283,160.86,322,160.91,985,160.92,653,160.93,577,160.94,239,160.95,448,0.0103,3214,2902,312,0.8837458773871455,0.5901030232149898
2024-01-15 10:38:10,160.9266023562274,160.92,443,160.91,512,160.9,200,160.89,1048,160.88,409,160.93,781,160.94,1195,160.95,284,160.96,464,160.97,297,0.012,2612,3021,-409,1.307562377829535,0.020550810635365686
2024-01-15 10:38:20,161.00938924991257,161.01,1376,161.0,1043,160.99,455,160.98,557,160.97,332,161.01,398,161.02,129,161.03,514,161.04,332,161.05,395,0.0082,3763,1768,1995,2.4171458046343446,2.870159424084981
2024-01-15 10:38:30,161.1239659268148,161.12,881,161.11,1060,161.1,654,161.09,434,161.08,196,161.13,998,161.14,471,161.15,390,161.16,314,161.17,198,0.0101,3225,2371,854,0.9759675556567069,0.07734380629496311
2024-01-15 10:38:40,160.94275913272966,160.94,375,160.93,714,160.92,245,160.91,576,160.9,897,160.95,657,160.96,1131,160.97,382,160.98,804,160.99,968,0.01,2807,3942,-1135,0.018528990395313995,1.0612998029663263
2024-01-15 10:38:50,160.69585456526684,160.69,889,160.68,466,160.67,408,160.66,259,160.65,392,160.7,1754,160.71,257,160.72,568,160.73,329,160.74,343,0.0107,2414,3251,-837,0.3033662508402645,0.06934053305263878
2024-01-15 10:39:00,160.90117193402006,160.9,1257,160.89,784,160.88,393,160.87,851,160.86,237,160.9,918,160.91,904,160.92,481,160.93,189,160.94,355,0.0072,3522,2847,675,0.8483926785528504,2.380148620129815
2024-01-15 10:39:10,160.95464164799768,160.95,812,160.94,1034,160.93,485,160.92,293,160.91,100,160.96,919,160.97,522,160.98,563,160.99,350,161.0,276,0.0077,2724,2630,94,1.1126232561581626,0.17695602393408305
2024-01-15 10:39:20,160.83416926572787,160.83,410,160.82,836,160.81,565,160.8,797,160.79,565,160.84,1192,160.85,486,160.86,513,160.87,358,160.88,522,0.0099,3173,3071,102,0.2472558977745158,0.5852618129683499
2024-01-15 10:39:30,161.08364750511592,161.08,1511,161.07,519,161.06,520,161.05,561,161.04,245,161.09,242,161.1,1214,161.11,677,161.12,158,161.13,239,0.0107,3356,2530,826,0.9921442077096243,1.2016851601646552
2024-01-15 10:39:40,161.10228079713164,161.1,2190,161.09,265,161.08,399,161.07,359,161.06,144,161.11,871,161.12,952,161.13,381,161.14,427,161.15,367,0.0113,3357,2998,359,1.471581274400505,0.2363915300927937
2024-01-15 10:39:50,161.29226826322196,161.29,993,161.28,482,161.27,226,161.26,536,161.25,463,161.3,420,161.31,1199,161.32,1615,161.33,387,161.34,235,0.01,2700,3856,-1156,0.7030617763122079,0.19408476535595273
2024-01-15 10:40:00,161.3031584722383,161.3,4104,161.29,357,161.28,492,161.27,351,161.26,417,161.31,1028,161.32,351,161.33,347,161.34,262,161.35,137,0.0119,5721,2125,3596,1.5831022231065468,0.6093885925002235
2024-01-15 10:40:10,161.63556362133687,161.63,503,161.62,636,161.61,193,161.6,447,161.59,192,161.64,2352,161.65,799,161.66,379,161.67,261,161.68,307,0.008,1971,4098,-2127,0.009353902421948293,0.584102194254841
2024-01-15 10:40:20,161.91928912775273,161.92,1358,161.91,224,161.9,609,161.89,1228,161.88,245,161.92,1205,161.93,942,161.94,879,161.95,332,161.96,131,0.0073,3664,3489,175,0.04820459342024752,1.1042683393502855
2024-01-15 10:40:30,161.87897702981272,161.87,1142,161.86,749,161.85,374,161.84,474,161.83,284,161.89,1320,161.9,237,161.91,373,161.92,896,161.93,220,0.0122,3023,3046,-23,1.1085216976620191,0.00040162466572984956
2024-01-15 10:40:40,162.03625394146508,162.03,739,162.02,524,162.01,139,162.0,191,161.99,186,162.04,1052,162.05,727,162.06,450,162.07,312,162.08,268,0.0118,1779,2809,-1030,0.09933022863546512,1.420408783409194
2024-01-15 10:40:50,162.14082824271978,162.14,1430,162.13,449,162.12,486,162.11,448,162.1,197,162.15,1010,162.16,295,162.17,191,162.18,455,162.19,267,0.0106,3010,2218,792,0.11219494985408802,0.6788130978780174
2024-01-15 10:41:00,162.36273929701719,162.36,1106,162.35,197,162.34,417,162.33,241,162.32,384,162.37,436,162.38,476,162.39,751,162.4,270,162.41,125,0.008,2345,2058,287,0.45033154002955805,0.06871293223841803
2024-01-15 10:41:10,162.20607168074545,162.2,1137,162.19,649,162.18,395,162.17,518,162.16,311,162.21,1107,162.22,273,162.23,1191,162.24,349,162.25,459,0.0129,3010,3379,-369,0.20965825839069321,0.8521236013130037
2024-01-15 10:41:20,162.31735339304265,162.31,658,162.3,206,162.29,531,162.28,579,162.27,171,162.32,1404,162.33,631,162.34,1030,162.35,247,162.36,1324,0.0083,2145,4636,-2491,0.31166649915727634,0.6068791706761913
2024-01-15 10:41:30,162.48915405451447,162.48,302,162.47,714,162.46,496,162.45,328,162.44,307,162.49,4707,162.5,541,162.51,598,162.52,273,162.53,375,0.0098,2147,6494,-4347,1.2190649073820201,0.604855324046922
2024-01-15 10:41:40,162.20337796316332,162.2,887,162.19,595,162.18,841,162.17,356,162.16,100,162.21,524,162.22,725,162.23,536,162.24,530,162.25,219,0.0102,2779,2534,245,0.9267804020304151,0.12892562944110644
2024-01-15 10:41:50,162.01144943540527,162.01,1138,162.0,182,161.99,652,161.98,252,161.97,353,162.02,535,162.03,539,162.04,471,162.05,433,162.06,185,0.0075,2577,2163,414,0.09953188493148786,3.7243351556221005
2024-01-15 10:42:00,161.68107047455103,161.68,1819,161.67,1561,161.66,288,161.65,156,161.64,374,161.69,1169,161.7,858,161.71,648,161.72,918,161.73,137,0.0087,4198,3730,468,0.24438541562489988,1.1074853073391695
2024-01-15 10:42:10,161.6375124891649,161.63,548,161.62,736,161.61,254,161.6,179,161.59,112,161.64,1434,161.65,468,161.66,2002,161.67,230,161.68,204,0.0128,1829,4338,-2509,0.08982666879216906,1.2521801316149912
2024-01-15 10:42:20,161.75349423449762,161.75,753,161.74,391,161.73,1017,161.72,241,161.71,100,161.76,674,161.77,540,161.78,796,161.79,201,161.8,174,0.0082,2502,2385,117,0.6163762066663546,0.21498595021834388
2024-01-15 10:42:30,161.996505737262,161.99,1616,161.98,443,161.97,326,161.96,273,161.95,267,162.0,727,162.01,683,162.02,554,162.03,240,162.04,611,0.0083,2925,2815,110,0.815144760452116,0.29574270297000577
2024-01-15 10:42:40,162.00850883278338,162.0,612,161.99,645,161.98,278,161.97,165,161.96,259,162.01,1633,162.02,706,162.03,231,162.04,297,162.05,301,0.0109,1959,3168,-1209,0.45772365970245354,2.4512535914335802
2024-01-15 10:42:50,162.27235840878328,162.27,429,162.26,305,162.25,216,162.24,474,162.23,536,162.28,455,162.29,1057,162.3,472,162.31,654,162.32,312,0.0092,1960,2950,-990,1.100861407642541,0.012847604683622409
2024-01-15 10:43:00,162.04840609031535,162.04,283,162.03,227,162.02,330,162.01,345,162.0,187,162.05,277,162.06,586,162.07,313,162.08,919,162.09,340,0.0122,1372,2435,-1063,1.647544511832584,0.11581037363231031
2024-01-15 10:43:10,161.77237568105562,161.77,1264,161.76,917,161.75,181,161.74,523,161.73,187,161.78,1870,161.79,667,161.8,639,161.81,394,161.82,134,0.0094,3072,3704,-632,0.933155453200115,2.6656892392483504
2024-01-15 10:43:20,161.7633895978415,161.76,650,161.75,698,161.74,295,161.73,285,161.72,494,161.77,1452,161.78,438,161.79,428,161.8,289,161.81,1376,0.012,2422,3983,-1561,1.3042173798349461,0.43826580230776874
2024-01-15 10:43:30,161.82551732668932,161.82,1149,161.81,1146,161.8,1414,161.79,195,161.78,476,161.83,1000,161.84,284,161.85,592,161.86,574,161.87,239,0.0107,4380,2689,1691,0.5186120958927265,0.5003504900363955
2024-01-15 10:43:40,161.82022648216514,161.82,1791,161.81,658,161.8,335,161.79,538,161.78,248,161.82,1137,161.83,652,161.84,1103,161.85,232,161.86,977,0.0082,3570,4101,-531,0.5971080047336873,0.20903387071022875
2024-01-15 10:43:50,161.48567253329793,161.48,742,161.47,1219,161.46,493,161.45,579,161.44,597,161.49,1184,161.5,457,161.51,754,161.52,379,161.53,456,0.01,3630,3230,400,0.16028706739959625,1.371657258356797
2024-01-15 10:44:00,161.47128092378102,161.47,340,161.46,712,161.45,254,161.44,475,161.43,364,161.47,1659,161.48,1128,161.49,485,161.5,225,161.51,213,0.0071,2145,3710,-1565,1.3118513450622387,0.7378565029000956
2024-01-15 10:44:10,161.2606465626085,161.26,2413,161.25,765,161.24,380,161.23,495,161.22,377,161.26,607,161.27,797,161.28,713,161.29,412,161.3,576,0.0074,4430,3105,1325,0.20813621286178843,0.980283798382421
2024-01-15 10:44:20,161.36863839081806,161.36,544,161.35,441,161.34,277,161.33,184,161.32,242,161.37,385,161.38,467,161.39,803,161.4,344,161.41,179,0.009,1688,2178,-490,1.1731938473628785,0.720383745362475
2024-01-15 10:44:30,161.42779585062718,161.42,1119,161.41,571,161.4,750,161.39,429,161.38,395,161.43,3476,161.44,536,161.45,395,161.46,401,161.47,553,0.0109,3264,5361,-2097,0.057982223689079855,0.024174043172858026
2024-01-15 10:44:40,161.2760731283558,161.27,470,161.26,433,161.25,178,161.24,263,161.23,250,161.28,1078,161.29,1642,161.3,340,161.31,227,161.32,226,0.0097,1594,3513,-1919,0.1595269502481864,0.07606669362010111
2024-01-15 10:44:50,161.19319868981717,161.19,1079,161.18,927,161.17,697,161.16,610,161.15,596,161.2,3007,161.21,515,161.22,489,161.23,307,161.24,324,0.0119,3909,4642,-733,0.4424092070617669,0.32493645901694934
2024-01-15 10:45:00,161.02246067412838,161.02,2152,161.01,895,161.0,563,160.99,684,160.98,229,161.03,1645,161.04,666,161.05,1120,161.06,1525,161.07,699,0.0109,4523,5655,-1132,3.343602629837865,0.07640961575208148
2024-01-15 10:45:10,161.01236793165262,161.01,1271,161.0,630,160.99,665,160.98,315,160.97,1069,161.02,1094,161.03,537,161.04,305,161.05,655,161.06,500,0.0073,3950,3091,859,0.07510859633258703,2.129515776109881
2024-01-15 10:45:20,161.16615765838824,161.16,779,161.15,857,161.14,497,161.13,249,161.12,772,161.17,585,161.18,1180,161.19,670,161.2,718,161.21,259,0.0085,3154,3412,-258,0.031549364412740685,0.8078428119174565
2024-01-15 10:45:30,161.00729197899656,161.0,931,160.99,1133,160.98,495,160.97,361,160.96,274,161.01,856,161.02,283,161.03,528,161.04,371,161.05,470,0.0116,3194,2508,686,0.0053633457543027585,1.3792742843437589
2024-01-15 10:45:40,161.08844714349155,161.08,1047,161.07,874,161.06,435,161.05,863,161.04,1155,161.09,1423,161.1,689,161.11,633,161.12,218,161.13,354,0.0124,4374,3317,1057,0.17904499573158056,1.3316302841661904
2024-01-15 10:45:50,161.00302876716194,161.0,693,160.99,1981,160.98,301,160.97,494,160.96,225,161.01,1682,161.02,326,161.03,589,161.04,244,161.05,292,0.0088,3694,3133,561,0.283963758940748,1.3798163862921515
2024-01-15 10:46:00,160.8753738397405,160.87,597,160.86,775,160.85,250,160.84,342,160.83,220,160.88,1608,160.89,1162,160.9,225,160.91,572,160.92,214,0.0086,2184,3781,-1597,1.2694818244537012,0.700955177368684
2024-01-15 10:46:10,160.8581552905706,160.85,881,160.84,412,160.83,261,160.82,653,160.81,243,160.86,1022,160.87,992,160.88,363,160.89,370,160.9,321,0.0113,2450,3068,-618,0.4184507987741728,2.579900219641659
2024-01-15 10:46:20,160.6916281203075,160.69,1407,160.68,1195,160.67,1398,160.66,316,160.65,158,160.7,1906,160.71,948,160.72,362,160.73,278,160.74,226,0.0071,4474,3720,754,0.11315891223484491,1.271038846448485
2024-01-15 10:46:30,160.6026613120236,160.6,841,160.59,56,160.58,29,160.57,396,160.56,148,160.61,1074,160.62,95,160.63,24,160.64,176,160.65,713,0.0121,2245,3161,-916,0.6008214416246606,1.943023943697275
2024-01-15 10:46:40,160.410278934547,160.4,736,160.39,878,160.38,177,160.37,193,160.36,265,160.42,3062,160.43,384,160.44,290,160.45,813,160.46,357,0.0127,2249,4906,-2657,0.5789399178286263,0.06960802571127356
2024-01-15 10:46:50,160.72544104114783,160.72,1692,160.71,758,160.7,830,160.69,374,160.68,614,160.73,1718,160.74,359,160.75,330,160.76,611,160.77,100,0.0098,4268,3118,1150,0.5285192100509374,0.2631178755211772
2024-01-15 10:47:00,160.73110879109117,160.73,927,160.72,294,160.71,772,160.7,201,160.69,163,160.74,1045,160.75,1001,160.76,1294,160.77,507,160.78,714,0.0078,2357,4561,-2204,0.045801442972302785,0.05556305723331473
2024-01-15 10:47:10,160.6186411343421,160.61,545,160.6,1006,160.59,493,160.58,298,160.57,168,160.62,639,160.63,270,160.64,466,160.65,208,160.66,283,0.0097,2510,1866,644,0.6745483675539895,1.8889374551533777
2024-01-15 10:47:20,160.65301029683428,160.65,1983,160.64,263,160.63,448,160.62,417,160.61,525,160.66,696,160.67,397,160.68,368,160.69,720,160.7,546,0.0112,3636,2727,909,0.5325791751793214,0.7710952165494717
2024-01-15 10:47:30,160.63496445751068,160.63,989,160.62,421,160.61,554,160.6,340,160.59,202,160.64,1946,160.65,979,160.66,342,160.67,486,160.68,424,0.0073,2506,4177,-1671,0.908131583702163,0.41128506399713616
2024-01-15 10:47:40,160.59946901374346,160.6,1378,160.59,624,160.58,273,160.57,153,160.56,559,160.6,328,160.61,503,160.62,677,160.63,432,160.64,267,0.0086,2987,2207,780,0.15183340472694712,0.9806793186733263
2024-01-15 10:47:50,160.69810385965636,160.69,577,160.68,568,160.67,540,160.66,280,160.65,347,160.7,1037,160.71,999,160.72,751,160.73,485,160.74,270,0.0114,2312,3542,-1230,0.13808908649535548,0.6319791526968982
2024-01-15 10:48:00,160.81983391232004,160.81,1449,160.8,592,160.79,368,160.78,225,160.77,400,160.83,1018,160.84,970,160.85,695,160.86,594,160.87,204,0.0106,3034,3481,-447,0.23699743942384613,1.1656916299242461
2024-01-15 10:48:10,160.734518805871,160.73,1377,160.72,1270,160.71,395,160.7,335,160.69,674,160.74,1287,160.75,765,160.76,255,160.77,532,160.78,203,0.0083,4051,3042,1009,0.12420825443700603,0.3190483858993221
2024-01-15 10:48:20,160.64196493804133,160.64,567,160.63,956,160.62,441,160.61,441,160.6,246,160.65,734,160.66,710,160.67,493,160.68,559,160.69,621,0.0083,2651,3117,-466,0.29755122391428546,1.1825696188886854
2024-01-15 10:48:30,160.59778009295135,160.59,707,160.58,561,160.57,849,160.56,203,160.55,439,160.6,1734,160.61,880,160.62,1481,160.63,290,160.64,523,0.0072,2759,4908,-2149,0.6888945966547784,1.8439502759149993
2024-01-15 10:48:40,160.22809666394585,160.22,948,160.21,301,160.2,365,160.19,689,160.18,272,160.23,1071,160.24,283,160.25,354,160.26,664,160.27,170,0.0118,2575,2542,33,0.11572453186903009,1.581746022142371
2024-01-15 10:48:50,159.98532048396754,159.98,1431,159.97,869,159.96,371,159.95,406,159.94,316,159.99,629,160.0,581,160.01,431,160.02,348,160.03,329,0.0076,3393,2318,1075,1.616319211677688,0.5068916814286077
2024-01-15 10:49:00,160.20400030170595,160.2,1038,160.19,581,160.18,209,160.17,1077,160.16,488,160.21,993,160.22,518,160.23,343,160.24,141,160.25,136,0.009,3393,2131,1262,0.5358816716561955,1.3194712594248381
2024-01-15 10:49:10,160.467530709776,160.46,2587,160.45,476,160.44,652,160.43,759,160.42,792,160.47,884,160.48,194,160.49,307,160.5,306,160.51,284,0.0111,5266,1975,3291,1.1490730092891661,1.0809513446366659
